%YAML 1.1
%TAG !u! tag:unity3d.com,2011:
--- !u!29 &1
SceneSettings:
  m_ObjectHideFlags: 0
  m_PVSData: 
  m_PVSObjectsArray: []
  m_PVSPortalsArray: []
  m_OcclusionBakeSettings:
    smallestOccluder: 5
    smallestHole: 0.25
    backfaceThreshold: 100
--- !u!104 &2
RenderSettings:
  m_ObjectHideFlags: 0
  serializedVersion: 7
  m_Fog: 0
  m_FogColor: {r: 0.5, g: 0.5, b: 0.5, a: 1}
  m_FogMode: 3
  m_FogDensity: 0.01
  m_LinearFogStart: 0
  m_LinearFogEnd: 300
  m_AmbientSkyColor: {r: 0.212, g: 0.227, b: 0.259, a: 1}
  m_AmbientEquatorColor: {r: 0.114, g: 0.125, b: 0.133, a: 1}
  m_AmbientGroundColor: {r: 0.047, g: 0.043, b: 0.035, a: 1}
  m_AmbientIntensity: 1
  m_AmbientMode: 0
  m_SkyboxMaterial: {fileID: 10304, guid: 0000000000000000f000000000000000, type: 0}
  m_HaloStrength: 0.5
  m_FlareStrength: 1
  m_FlareFadeSpeed: 3
  m_HaloTexture: {fileID: 0}
  m_SpotCookie: {fileID: 10001, guid: 0000000000000000e000000000000000, type: 0}
  m_DefaultReflectionMode: 0
  m_DefaultReflectionResolution: 128
  m_ReflectionBounces: 1
  m_ReflectionIntensity: 1
  m_CustomReflection: {fileID: 0}
  m_Sun: {fileID: 0}
  m_IndirectSpecularColor: {r: 0.24648513, g: 0.28232977, b: 0.34567365, a: 1}
--- !u!157 &3
LightmapSettings:
  m_ObjectHideFlags: 0
  serializedVersion: 7
  m_GIWorkflowMode: 0
  m_GISettings:
    serializedVersion: 2
    m_BounceScale: 1
    m_IndirectOutputScale: 1
    m_AlbedoBoost: 1
    m_TemporalCoherenceThreshold: 1
    m_EnvironmentLightingMode: 0
    m_EnableBakedLightmaps: 1
    m_EnableRealtimeLightmaps: 1
  m_LightmapEditorSettings:
    serializedVersion: 4
    m_Resolution: 2
    m_BakeResolution: 40
    m_TextureWidth: 1024
    m_TextureHeight: 1024
    m_AO: 0
    m_AOMaxDistance: 1
    m_CompAOExponent: 1
    m_CompAOExponentDirect: 0
    m_Padding: 2
    m_LightmapParameters: {fileID: 0}
    m_LightmapsBakeMode: 1
    m_TextureCompression: 1
    m_DirectLightInLightProbes: 1
    m_FinalGather: 0
    m_FinalGatherFiltering: 1
    m_FinalGatherRayCount: 256
    m_ReflectionCompression: 2
  m_LightingDataAsset: {fileID: 0}
  m_RuntimeCPUUsage: 25
--- !u!196 &4
NavMeshSettings:
  serializedVersion: 2
  m_ObjectHideFlags: 0
  m_BuildSettings:
    serializedVersion: 2
    agentRadius: 0.5
    agentHeight: 2
    agentSlope: 45
    agentClimb: 0.4
    ledgeDropHeight: 0
    maxJumpAcrossDistance: 0
    accuratePlacement: 0
    minRegionArea: 2
    cellSize: 0.16666667
    manualCellSize: 0
  m_NavMeshData: {fileID: 0}
--- !u!1 &12226194 stripped
GameObject:
  m_PrefabParentObject: {fileID: 100000, guid: ccd0ff9ca138e1048a2d1ac8e4a1be40, type: 3}
  m_PrefabInternal: {fileID: 1124479858}
--- !u!64 &12226197
MeshCollider:
  m_ObjectHideFlags: 0
  m_PrefabParentObject: {fileID: 0}
  m_PrefabInternal: {fileID: 0}
  m_GameObject: {fileID: 12226194}
  m_Material: {fileID: 0}
  m_IsTrigger: 0
  m_Enabled: 1
  serializedVersion: 2
  m_Convex: 0
  m_Mesh: {fileID: 4300000, guid: ccd0ff9ca138e1048a2d1ac8e4a1be40, type: 3}
--- !u!1 &18146187 stripped
GameObject:
  m_PrefabParentObject: {fileID: 100000, guid: 0722c064ea5469841af08db6233d3005, type: 3}
  m_PrefabInternal: {fileID: 1554740410}
--- !u!64 &18146190
MeshCollider:
  m_ObjectHideFlags: 0
  m_PrefabParentObject: {fileID: 0}
  m_PrefabInternal: {fileID: 0}
  m_GameObject: {fileID: 18146187}
  m_Material: {fileID: 0}
  m_IsTrigger: 0
  m_Enabled: 1
  serializedVersion: 2
  m_Convex: 0
  m_Mesh: {fileID: 4300000, guid: 0722c064ea5469841af08db6233d3005, type: 3}
--- !u!1 &122782383 stripped
GameObject:
  m_PrefabParentObject: {fileID: 100000, guid: ccd0ff9ca138e1048a2d1ac8e4a1be40, type: 3}
  m_PrefabInternal: {fileID: 1574307268}
--- !u!64 &122782386
MeshCollider:
  m_ObjectHideFlags: 0
  m_PrefabParentObject: {fileID: 0}
  m_PrefabInternal: {fileID: 0}
  m_GameObject: {fileID: 122782383}
  m_Material: {fileID: 0}
  m_IsTrigger: 0
  m_Enabled: 1
  serializedVersion: 2
  m_Convex: 0
  m_Mesh: {fileID: 4300000, guid: ccd0ff9ca138e1048a2d1ac8e4a1be40, type: 3}
--- !u!1 &139923730 stripped
GameObject:
  m_PrefabParentObject: {fileID: 100000, guid: 0f13f1206ab882c4fb862b46ed34273c, type: 3}
  m_PrefabInternal: {fileID: 982529931}
--- !u!64 &139923733
MeshCollider:
  m_ObjectHideFlags: 0
  m_PrefabParentObject: {fileID: 0}
  m_PrefabInternal: {fileID: 0}
  m_GameObject: {fileID: 139923730}
  m_Material: {fileID: 0}
  m_IsTrigger: 0
  m_Enabled: 1
  serializedVersion: 2
  m_Convex: 0
  m_Mesh: {fileID: 4300000, guid: 0f13f1206ab882c4fb862b46ed34273c, type: 3}
--- !u!4 &151763037 stripped
Transform:
  m_PrefabParentObject: {fileID: 420908, guid: 4d293c8e162f3874b982baadd71153d2, type: 2}
  m_PrefabInternal: {fileID: 339554750}
--- !u!1 &173755900 stripped
GameObject:
  m_PrefabParentObject: {fileID: 100000, guid: 0f13f1206ab882c4fb862b46ed34273c, type: 3}
  m_PrefabInternal: {fileID: 826188494}
--- !u!64 &173755903
MeshCollider:
  m_ObjectHideFlags: 0
  m_PrefabParentObject: {fileID: 0}
  m_PrefabInternal: {fileID: 0}
  m_GameObject: {fileID: 173755900}
  m_Material: {fileID: 0}
  m_IsTrigger: 0
  m_Enabled: 1
  serializedVersion: 2
  m_Convex: 0
  m_Mesh: {fileID: 4300000, guid: 0f13f1206ab882c4fb862b46ed34273c, type: 3}
--- !u!1 &252445242
GameObject:
  m_ObjectHideFlags: 0
  m_PrefabParentObject: {fileID: 0}
  m_PrefabInternal: {fileID: 0}
  serializedVersion: 4
  m_Component:
  - 4: {fileID: 252445246}
  - 33: {fileID: 252445245}
  - 64: {fileID: 252445244}
  - 23: {fileID: 252445243}
  m_Layer: 0
  m_Name: Ground
  m_TagString: Ground
  m_Icon: {fileID: 0}
  m_NavMeshLayer: 0
  m_StaticEditorFlags: 0
  m_IsActive: 1
--- !u!23 &252445243
MeshRenderer:
  m_ObjectHideFlags: 0
  m_PrefabParentObject: {fileID: 0}
  m_PrefabInternal: {fileID: 0}
  m_GameObject: {fileID: 252445242}
  m_Enabled: 1
  m_CastShadows: 1
  m_ReceiveShadows: 1
  m_MotionVectors: 1
  m_LightProbeUsage: 1
  m_ReflectionProbeUsage: 1
  m_Materials:
  - {fileID: 2100000, guid: 4c92d6904b766194890077ab86ae18ae, type: 2}
  m_SubsetIndices: 
  m_StaticBatchRoot: {fileID: 0}
  m_ProbeAnchor: {fileID: 0}
  m_LightProbeVolumeOverride: {fileID: 0}
  m_ScaleInLightmap: 1
  m_PreserveUVs: 1
  m_IgnoreNormalsForChartDetection: 0
  m_ImportantGI: 0
  m_SelectedWireframeHidden: 0
  m_MinimumChartSize: 4
  m_AutoUVMaxDistance: 0.5
  m_AutoUVMaxAngle: 89
  m_LightmapParameters: {fileID: 0}
  m_SortingLayerID: 0
  m_SortingOrder: 0
--- !u!64 &252445244
MeshCollider:
  m_ObjectHideFlags: 0
  m_PrefabParentObject: {fileID: 0}
  m_PrefabInternal: {fileID: 0}
  m_GameObject: {fileID: 252445242}
  m_Material: {fileID: 0}
  m_IsTrigger: 0
  m_Enabled: 1
  serializedVersion: 2
  m_Convex: 0
  m_Mesh: {fileID: 10209, guid: 0000000000000000e000000000000000, type: 0}
--- !u!33 &252445245
MeshFilter:
  m_ObjectHideFlags: 0
  m_PrefabParentObject: {fileID: 0}
  m_PrefabInternal: {fileID: 0}
  m_GameObject: {fileID: 252445242}
  m_Mesh: {fileID: 10209, guid: 0000000000000000e000000000000000, type: 0}
--- !u!4 &252445246
Transform:
  m_ObjectHideFlags: 0
  m_PrefabParentObject: {fileID: 0}
  m_PrefabInternal: {fileID: 0}
  m_GameObject: {fileID: 252445242}
  m_LocalRotation: {x: 0, y: 0, z: 0, w: 1}
  m_LocalPosition: {x: 0, y: -0.05, z: 0}
  m_LocalScale: {x: 100, y: 100, z: 100}
  m_LocalEulerAnglesHint: {x: 0, y: 0, z: 0}
  m_Children: []
  m_Father: {fileID: 0}
  m_RootOrder: 3
--- !u!1 &255529468 stripped
GameObject:
  m_PrefabParentObject: {fileID: 100000, guid: 0f13f1206ab882c4fb862b46ed34273c, type: 3}
  m_PrefabInternal: {fileID: 2019182040}
--- !u!64 &255529471
MeshCollider:
  m_ObjectHideFlags: 0
  m_PrefabParentObject: {fileID: 0}
  m_PrefabInternal: {fileID: 0}
  m_GameObject: {fileID: 255529468}
  m_Material: {fileID: 0}
  m_IsTrigger: 0
  m_Enabled: 1
  serializedVersion: 2
  m_Convex: 0
  m_Mesh: {fileID: 4300000, guid: 0f13f1206ab882c4fb862b46ed34273c, type: 3}
--- !u!1 &274903267 stripped
GameObject:
  m_PrefabParentObject: {fileID: 100000, guid: ccd0ff9ca138e1048a2d1ac8e4a1be40, type: 3}
  m_PrefabInternal: {fileID: 1015981181}
--- !u!64 &274903270
MeshCollider:
  m_ObjectHideFlags: 0
  m_PrefabParentObject: {fileID: 0}
  m_PrefabInternal: {fileID: 0}
  m_GameObject: {fileID: 274903267}
  m_Material: {fileID: 0}
  m_IsTrigger: 0
  m_Enabled: 1
  serializedVersion: 2
  m_Convex: 0
  m_Mesh: {fileID: 4300000, guid: ccd0ff9ca138e1048a2d1ac8e4a1be40, type: 3}
--- !u!1 &274945449
GameObject:
  m_ObjectHideFlags: 0
  m_PrefabParentObject: {fileID: 0}
  m_PrefabInternal: {fileID: 0}
  serializedVersion: 4
  m_Component:
  - 4: {fileID: 274945450}
  - 114: {fileID: 274945451}
  m_Layer: 0
  m_Name: Frontwheel
  m_TagString: Untagged
  m_Icon: {fileID: 0}
  m_NavMeshLayer: 0
  m_StaticEditorFlags: 0
  m_IsActive: 1
--- !u!4 &274945450
Transform:
  m_ObjectHideFlags: 0
  m_PrefabParentObject: {fileID: 0}
  m_PrefabInternal: {fileID: 0}
  m_GameObject: {fileID: 274945449}
  m_LocalRotation: {x: 0, y: 0, z: 0, w: 1}
  m_LocalPosition: {x: 0, y: 0.291, z: 0.702}
  m_LocalScale: {x: 1, y: 1, z: 1}
  m_LocalEulerAnglesHint: {x: 0, y: 0, z: 0}
  m_Children:
  - {fileID: 531397003}
  m_Father: {fileID: 419573994}
  m_RootOrder: 1
--- !u!114 &274945451
MonoBehaviour:
  m_ObjectHideFlags: 0
  m_PrefabParentObject: {fileID: 0}
  m_PrefabInternal: {fileID: 0}
  m_GameObject: {fileID: 274945449}
  m_Enabled: 1
  m_EditorHideFlags: 0
  m_Script: {fileID: 11500000, guid: 66536079aa4b2bd4f9edc538040f917d, type: 3}
  m_Name: 
  m_EditorClassIdentifier: 
--- !u!1001 &339554750
Prefab:
  m_ObjectHideFlags: 0
  serializedVersion: 2
  m_Modification:
    m_TransformParent: {fileID: 0}
    m_Modifications:
    - target: {fileID: 420908, guid: 4d293c8e162f3874b982baadd71153d2, type: 2}
      propertyPath: m_LocalPosition.x
      value: -0.062184304
      objectReference: {fileID: 0}
    - target: {fileID: 420908, guid: 4d293c8e162f3874b982baadd71153d2, type: 2}
      propertyPath: m_LocalPosition.y
      value: 0.054
      objectReference: {fileID: 0}
    - target: {fileID: 420908, guid: 4d293c8e162f3874b982baadd71153d2, type: 2}
      propertyPath: m_LocalPosition.z
      value: 0
      objectReference: {fileID: 0}
    - target: {fileID: 420908, guid: 4d293c8e162f3874b982baadd71153d2, type: 2}
      propertyPath: m_LocalRotation.x
      value: -0
      objectReference: {fileID: 0}
    - target: {fileID: 420908, guid: 4d293c8e162f3874b982baadd71153d2, type: 2}
      propertyPath: m_LocalRotation.y
      value: -0
      objectReference: {fileID: 0}
    - target: {fileID: 420908, guid: 4d293c8e162f3874b982baadd71153d2, type: 2}
      propertyPath: m_LocalRotation.z
      value: -0
      objectReference: {fileID: 0}
    - target: {fileID: 420908, guid: 4d293c8e162f3874b982baadd71153d2, type: 2}
      propertyPath: m_LocalRotation.w
      value: 1
      objectReference: {fileID: 0}
    - target: {fileID: 420908, guid: 4d293c8e162f3874b982baadd71153d2, type: 2}
      propertyPath: m_RootOrder
      value: 0
      objectReference: {fileID: 0}
    - target: {fileID: 3380982, guid: 4d293c8e162f3874b982baadd71153d2, type: 2}
      propertyPath: m_Mesh
      value: 
      objectReference: {fileID: 1296793023}
    - target: {fileID: 2348914, guid: 4d293c8e162f3874b982baadd71153d2, type: 2}
      propertyPath: m_Materials.Array.data[0]
      value: 
      objectReference: {fileID: 362336120}
    - target: {fileID: 11489174, guid: 4d293c8e162f3874b982baadd71153d2, type: 2}
      propertyPath: size
      value: 2
      objectReference: {fileID: 0}
    - target: {fileID: 11489174, guid: 4d293c8e162f3874b982baadd71153d2, type: 2}
      propertyPath: vertices.Array.data[0].x
      value: 1.5
      objectReference: {fileID: 0}
    - target: {fileID: 11489174, guid: 4d293c8e162f3874b982baadd71153d2, type: 2}
      propertyPath: vertices.Array.data[0].z
      value: 1.125
      objectReference: {fileID: 0}
    - target: {fileID: 11489174, guid: 4d293c8e162f3874b982baadd71153d2, type: 2}
      propertyPath: vertices.Array.data[1].x
      value: 1.5
      objectReference: {fileID: 0}
    - target: {fileID: 11489174, guid: 4d293c8e162f3874b982baadd71153d2, type: 2}
      propertyPath: vertices.Array.data[1].z
      value: -1.125
      objectReference: {fileID: 0}
    - target: {fileID: 11489174, guid: 4d293c8e162f3874b982baadd71153d2, type: 2}
      propertyPath: vertices.Array.data[2].x
      value: -1.5
      objectReference: {fileID: 0}
    - target: {fileID: 11489174, guid: 4d293c8e162f3874b982baadd71153d2, type: 2}
      propertyPath: vertices.Array.data[2].z
      value: -1.125
      objectReference: {fileID: 0}
    - target: {fileID: 11489174, guid: 4d293c8e162f3874b982baadd71153d2, type: 2}
      propertyPath: vertices.Array.data[3].x
      value: -1.5
      objectReference: {fileID: 0}
    - target: {fileID: 11489174, guid: 4d293c8e162f3874b982baadd71153d2, type: 2}
      propertyPath: vertices.Array.data[3].z
      value: 1.125
      objectReference: {fileID: 0}
    - target: {fileID: 11489174, guid: 4d293c8e162f3874b982baadd71153d2, type: 2}
      propertyPath: vertices.Array.data[4].x
      value: 1.65
      objectReference: {fileID: 0}
    - target: {fileID: 11489174, guid: 4d293c8e162f3874b982baadd71153d2, type: 2}
      propertyPath: vertices.Array.data[4].z
      value: 1.275
      objectReference: {fileID: 0}
    - target: {fileID: 11489174, guid: 4d293c8e162f3874b982baadd71153d2, type: 2}
      propertyPath: vertices.Array.data[5].x
      value: 1.65
      objectReference: {fileID: 0}
    - target: {fileID: 11489174, guid: 4d293c8e162f3874b982baadd71153d2, type: 2}
      propertyPath: vertices.Array.data[5].z
      value: -1.275
      objectReference: {fileID: 0}
    - target: {fileID: 11489174, guid: 4d293c8e162f3874b982baadd71153d2, type: 2}
      propertyPath: vertices.Array.data[6].x
      value: -1.65
      objectReference: {fileID: 0}
    - target: {fileID: 11489174, guid: 4d293c8e162f3874b982baadd71153d2, type: 2}
      propertyPath: vertices.Array.data[6].z
      value: -1.275
      objectReference: {fileID: 0}
    - target: {fileID: 11489174, guid: 4d293c8e162f3874b982baadd71153d2, type: 2}
      propertyPath: vertices.Array.data[7].x
      value: -1.65
      objectReference: {fileID: 0}
    - target: {fileID: 11489174, guid: 4d293c8e162f3874b982baadd71153d2, type: 2}
      propertyPath: vertices.Array.data[7].z
      value: 1.275
      objectReference: {fileID: 0}
    - target: {fileID: 11489174, guid: 4d293c8e162f3874b982baadd71153d2, type: 2}
      propertyPath: drawInGame
      value: 0
      objectReference: {fileID: 0}
    m_RemovedComponents:
    - {fileID: 11420968, guid: 4d293c8e162f3874b982baadd71153d2, type: 2}
  m_ParentPrefab: {fileID: 100100000, guid: 4d293c8e162f3874b982baadd71153d2, type: 2}
  m_IsPrefabParent: 0
--- !u!1 &352220241
GameObject:
  m_ObjectHideFlags: 0
  m_PrefabParentObject: {fileID: 0}
  m_PrefabInternal: {fileID: 0}
  serializedVersion: 4
  m_Component:
  - 4: {fileID: 352220246}
  - 20: {fileID: 352220245}
  - 92: {fileID: 352220244}
  - 124: {fileID: 352220243}
  m_Layer: 0
  m_Name: Main Camera
  m_TagString: MainCamera
  m_Icon: {fileID: 0}
  m_NavMeshLayer: 0
  m_StaticEditorFlags: 0
  m_IsActive: 1
--- !u!124 &352220243
Behaviour:
  m_ObjectHideFlags: 0
  m_PrefabParentObject: {fileID: 0}
  m_PrefabInternal: {fileID: 0}
  m_GameObject: {fileID: 352220241}
  m_Enabled: 1
--- !u!92 &352220244
Behaviour:
  m_ObjectHideFlags: 0
  m_PrefabParentObject: {fileID: 0}
  m_PrefabInternal: {fileID: 0}
  m_GameObject: {fileID: 352220241}
  m_Enabled: 1
--- !u!20 &352220245
Camera:
  m_ObjectHideFlags: 0
  m_PrefabParentObject: {fileID: 0}
  m_PrefabInternal: {fileID: 0}
  m_GameObject: {fileID: 352220241}
  m_Enabled: 1
  serializedVersion: 2
  m_ClearFlags: 1
  m_BackGroundColor: {r: 0.19215687, g: 0.3019608, b: 0.4745098, a: 0}
  m_NormalizedViewPortRect:
    serializedVersion: 2
    x: 0
    y: 0
    width: 1
    height: 1
  near clip plane: 0.3
  far clip plane: 1000
  field of view: 60
  orthographic: 0
  orthographic size: 5
  m_Depth: -1
  m_CullingMask:
    serializedVersion: 2
    m_Bits: 4294967295
  m_RenderingPath: -1
  m_TargetTexture: {fileID: 0}
  m_TargetDisplay: 1
  m_TargetEye: 3
  m_HDR: 0
  m_OcclusionCulling: 1
  m_StereoConvergence: 10
  m_StereoSeparation: 0.022
  m_StereoMirrorMode: 0
--- !u!4 &352220246
Transform:
  m_ObjectHideFlags: 0
  m_PrefabParentObject: {fileID: 0}
  m_PrefabInternal: {fileID: 0}
  m_GameObject: {fileID: 352220241}
  m_LocalRotation: {x: 0.07662144, y: -0, z: -0, w: 0.9970603}
  m_LocalPosition: {x: 0, y: 2.15, z: -3.89}
  m_LocalScale: {x: 1, y: 1, z: 1}
  m_LocalEulerAnglesHint: {x: 8.735001, y: 0, z: 0}
  m_Children: []
  m_Father: {fileID: 151763037}
  m_RootOrder: 3
--- !u!21 &362336120
Material:
  serializedVersion: 6
  m_ObjectHideFlags: 0
  m_PrefabParentObject: {fileID: 0}
  m_PrefabInternal: {fileID: 0}
  m_Name: Sprites/Default
  m_Shader: {fileID: 10753, guid: 0000000000000000f000000000000000, type: 0}
  m_ShaderKeywords: 
  m_LightmapFlags: 5
  m_CustomRenderQueue: -1
  stringTagMap: {}
  m_SavedProperties:
    serializedVersion: 2
    m_TexEnvs:
    - first:
        name: _MainTex
      second:
        m_Texture: {fileID: 0}
        m_Scale: {x: 1, y: 1}
        m_Offset: {x: 0, y: 0}
    m_Floats:
    - first:
        name: PixelSnap
      second: 0
    m_Colors:
    - first:
        name: _Color
      second: {r: 1, g: 1, b: 1, a: 1}
--- !u!1 &364140057
GameObject:
  m_ObjectHideFlags: 0
  m_PrefabParentObject: {fileID: 0}
  m_PrefabInternal: {fileID: 0}
  serializedVersion: 4
  m_Component:
  - 4: {fileID: 364140058}
  - 114: {fileID: 364140059}
  m_Layer: 0
  m_Name: Rearwheel
  m_TagString: Untagged
  m_Icon: {fileID: 0}
  m_NavMeshLayer: 0
  m_StaticEditorFlags: 0
  m_IsActive: 1
--- !u!4 &364140058
Transform:
  m_ObjectHideFlags: 0
  m_PrefabParentObject: {fileID: 0}
  m_PrefabInternal: {fileID: 0}
  m_GameObject: {fileID: 364140057}
  m_LocalRotation: {x: 0, y: 0, z: 0, w: 1}
  m_LocalPosition: {x: 0, y: 0.284, z: -0.6250001}
  m_LocalScale: {x: 1, y: 1, z: 1}
  m_LocalEulerAnglesHint: {x: 0, y: 0, z: 0}
  m_Children:
  - {fileID: 603061244}
  m_Father: {fileID: 419573994}
  m_RootOrder: 2
--- !u!114 &364140059
MonoBehaviour:
  m_ObjectHideFlags: 0
  m_PrefabParentObject: {fileID: 0}
  m_PrefabInternal: {fileID: 0}
  m_GameObject: {fileID: 364140057}
  m_Enabled: 1
  m_EditorHideFlags: 0
  m_Script: {fileID: 11500000, guid: 66536079aa4b2bd4f9edc538040f917d, type: 3}
  m_Name: 
  m_EditorClassIdentifier: 
--- !u!1 &419573992
GameObject:
  m_ObjectHideFlags: 0
  m_PrefabParentObject: {fileID: 0}
  m_PrefabInternal: {fileID: 0}
  serializedVersion: 4
  m_Component:
  - 4: {fileID: 419573994}
  - 114: {fileID: 419573995}
  - 54: {fileID: 419573993}
  m_Layer: 0
  m_Name: Motorcycle
  m_TagString: Untagged
  m_Icon: {fileID: 0}
  m_NavMeshLayer: 0
  m_StaticEditorFlags: 0
  m_IsActive: 1
--- !u!54 &419573993
Rigidbody:
  m_ObjectHideFlags: 0
  m_PrefabParentObject: {fileID: 0}
  m_PrefabInternal: {fileID: 0}
  m_GameObject: {fileID: 419573992}
  serializedVersion: 2
  m_Mass: 225
  m_Drag: 0.5
  m_AngularDrag: 0.05
  m_UseGravity: 1
  m_IsKinematic: 0
  m_Interpolate: 0
  m_Constraints: 0
  m_CollisionDetection: 0
--- !u!4 &419573994
Transform:
  m_ObjectHideFlags: 0
  m_PrefabParentObject: {fileID: 0}
  m_PrefabInternal: {fileID: 0}
  m_GameObject: {fileID: 419573992}
  m_LocalRotation: {x: 0, y: 0, z: 0, w: 1}
  m_LocalPosition: {x: 0, y: 0.121, z: 0}
  m_LocalScale: {x: 1, y: 1, z: 1}
  m_LocalEulerAnglesHint: {x: 0, y: 0, z: 0}
  m_Children:
  - {fileID: 706101836}
  - {fileID: 274945450}
  - {fileID: 364140058}
  - {fileID: 1671171150}
  m_Father: {fileID: 0}
  m_RootOrder: 1
--- !u!114 &419573995
MonoBehaviour:
  m_ObjectHideFlags: 0
  m_PrefabParentObject: {fileID: 0}
  m_PrefabInternal: {fileID: 0}
  m_GameObject: {fileID: 419573992}
  m_Enabled: 1
  m_EditorHideFlags: 0
  m_Script: {fileID: 11500000, guid: 0b18e025068eb1943b5bb3b513019f6c, type: 3}
  m_Name: 
  m_EditorClassIdentifier: 
  fullTorque: 40
  tiltFac: 0
  maxRPM: 10000
  maxAccel: 10
  maxBraking: 40000
  maxSpeed: 200
  cameraRig: {fileID: 151763037}
--- !u!1 &426481751 stripped
GameObject:
  m_PrefabParentObject: {fileID: 100000, guid: ccd0ff9ca138e1048a2d1ac8e4a1be40, type: 3}
  m_PrefabInternal: {fileID: 1801396467}
--- !u!64 &426481754
MeshCollider:
  m_ObjectHideFlags: 0
  m_PrefabParentObject: {fileID: 0}
  m_PrefabInternal: {fileID: 0}
  m_GameObject: {fileID: 426481751}
  m_Material: {fileID: 0}
  m_IsTrigger: 0
  m_Enabled: 1
  serializedVersion: 2
  m_Convex: 0
  m_Mesh: {fileID: 4300000, guid: ccd0ff9ca138e1048a2d1ac8e4a1be40, type: 3}
--- !u!1001 &474304331
Prefab:
  m_ObjectHideFlags: 0
  serializedVersion: 2
  m_Modification:
    m_TransformParent: {fileID: 1757204635}
    m_Modifications:
    - target: {fileID: 400000, guid: 0722c064ea5469841af08db6233d3005, type: 3}
      propertyPath: m_LocalPosition.x
      value: 1.207275
      objectReference: {fileID: 0}
    - target: {fileID: 400000, guid: 0722c064ea5469841af08db6233d3005, type: 3}
      propertyPath: m_LocalPosition.y
      value: 0.5156342
      objectReference: {fileID: 0}
    - target: {fileID: 400000, guid: 0722c064ea5469841af08db6233d3005, type: 3}
      propertyPath: m_LocalPosition.z
      value: -1.6415799
      objectReference: {fileID: 0}
    - target: {fileID: 400000, guid: 0722c064ea5469841af08db6233d3005, type: 3}
      propertyPath: m_LocalRotation.x
      value: -0.7071068
      objectReference: {fileID: 0}
    - target: {fileID: 400000, guid: 0722c064ea5469841af08db6233d3005, type: 3}
      propertyPath: m_LocalRotation.y
      value: -0
      objectReference: {fileID: 0}
    - target: {fileID: 400000, guid: 0722c064ea5469841af08db6233d3005, type: 3}
      propertyPath: m_LocalRotation.z
      value: -0
      objectReference: {fileID: 0}
    - target: {fileID: 400000, guid: 0722c064ea5469841af08db6233d3005, type: 3}
      propertyPath: m_LocalRotation.w
      value: 0.7071068
      objectReference: {fileID: 0}
    - target: {fileID: 400000, guid: 0722c064ea5469841af08db6233d3005, type: 3}
      propertyPath: m_RootOrder
      value: 13
      objectReference: {fileID: 0}
    - target: {fileID: 400000, guid: 0722c064ea5469841af08db6233d3005, type: 3}
      propertyPath: m_LocalEulerAnglesHint.x
      value: -90
      objectReference: {fileID: 0}
    - target: {fileID: 400000, guid: 0722c064ea5469841af08db6233d3005, type: 3}
      propertyPath: m_LocalScale.y
      value: 1
      objectReference: {fileID: 0}
    - target: {fileID: 400000, guid: 0722c064ea5469841af08db6233d3005, type: 3}
      propertyPath: m_LocalScale.z
      value: 1
      objectReference: {fileID: 0}
    - target: {fileID: 2300000, guid: 0722c064ea5469841af08db6233d3005, type: 3}
      propertyPath: m_Materials.Array.data[0]
      value: 
      objectReference: {fileID: 2100000, guid: 0167ffafe655f2341b28eaa51bd19e6c, type: 2}
    - target: {fileID: 100000, guid: 0722c064ea5469841af08db6233d3005, type: 3}
      propertyPath: m_TagString
      value: Ground
      objectReference: {fileID: 0}
    m_RemovedComponents: []
  m_ParentPrefab: {fileID: 100100000, guid: 0722c064ea5469841af08db6233d3005, type: 3}
  m_IsPrefabParent: 0
--- !u!4 &474304332 stripped
Transform:
  m_PrefabParentObject: {fileID: 400000, guid: 0722c064ea5469841af08db6233d3005, type: 3}
  m_PrefabInternal: {fileID: 474304331}
--- !u!1 &521209504 stripped
GameObject:
  m_PrefabParentObject: {fileID: 100000, guid: 0f13f1206ab882c4fb862b46ed34273c, type: 3}
  m_PrefabInternal: {fileID: 1294304128}
--- !u!64 &521209507
MeshCollider:
  m_ObjectHideFlags: 0
  m_PrefabParentObject: {fileID: 0}
  m_PrefabInternal: {fileID: 0}
  m_GameObject: {fileID: 521209504}
  m_Material: {fileID: 0}
  m_IsTrigger: 0
  m_Enabled: 1
  serializedVersion: 2
  m_Convex: 0
  m_Mesh: {fileID: 4300000, guid: 0f13f1206ab882c4fb862b46ed34273c, type: 3}
--- !u!1 &531397002
GameObject:
  m_ObjectHideFlags: 0
  m_PrefabParentObject: {fileID: 0}
  m_PrefabInternal: {fileID: 0}
  serializedVersion: 4
  m_Component:
  - 4: {fileID: 531397003}
  - 33: {fileID: 531397006}
  - 135: {fileID: 531397005}
  - 23: {fileID: 531397004}
  m_Layer: 0
  m_Name: DebugSphere
  m_TagString: Untagged
  m_Icon: {fileID: 0}
  m_NavMeshLayer: 0
  m_StaticEditorFlags: 0
  m_IsActive: 1
--- !u!4 &531397003
Transform:
  m_ObjectHideFlags: 0
  m_PrefabParentObject: {fileID: 0}
  m_PrefabInternal: {fileID: 0}
  m_GameObject: {fileID: 531397002}
  m_LocalRotation: {x: -0, y: -0, z: -0, w: 1}
  m_LocalPosition: {x: 0, y: 0, z: 0}
  m_LocalScale: {x: 0.099999994, y: 0.099999994, z: 0.099999994}
  m_LocalEulerAnglesHint: {x: 0, y: 0, z: 0}
  m_Children: []
  m_Father: {fileID: 274945450}
  m_RootOrder: 0
--- !u!23 &531397004
MeshRenderer:
  m_ObjectHideFlags: 0
  m_PrefabParentObject: {fileID: 0}
  m_PrefabInternal: {fileID: 0}
  m_GameObject: {fileID: 531397002}
  m_Enabled: 1
  m_CastShadows: 1
  m_ReceiveShadows: 1
  m_MotionVectors: 1
  m_LightProbeUsage: 1
  m_ReflectionProbeUsage: 1
  m_Materials:
  - {fileID: 10303, guid: 0000000000000000f000000000000000, type: 0}
  m_SubsetIndices: 
  m_StaticBatchRoot: {fileID: 0}
  m_ProbeAnchor: {fileID: 0}
  m_LightProbeVolumeOverride: {fileID: 0}
  m_ScaleInLightmap: 1
  m_PreserveUVs: 1
  m_IgnoreNormalsForChartDetection: 0
  m_ImportantGI: 0
  m_SelectedWireframeHidden: 0
  m_MinimumChartSize: 4
  m_AutoUVMaxDistance: 0.5
  m_AutoUVMaxAngle: 89
  m_LightmapParameters: {fileID: 0}
  m_SortingLayerID: 0
  m_SortingOrder: 0
--- !u!135 &531397005
SphereCollider:
  m_ObjectHideFlags: 0
  m_PrefabParentObject: {fileID: 0}
  m_PrefabInternal: {fileID: 0}
  m_GameObject: {fileID: 531397002}
  m_Material: {fileID: 0}
  m_IsTrigger: 0
  m_Enabled: 0
  serializedVersion: 2
  m_Radius: 0.5
  m_Center: {x: 0, y: 0, z: 0}
--- !u!33 &531397006
MeshFilter:
  m_ObjectHideFlags: 0
  m_PrefabParentObject: {fileID: 0}
  m_PrefabInternal: {fileID: 0}
  m_GameObject: {fileID: 531397002}
  m_Mesh: {fileID: 10207, guid: 0000000000000000e000000000000000, type: 0}
--- !u!1 &603061243
GameObject:
  m_ObjectHideFlags: 0
  m_PrefabParentObject: {fileID: 0}
  m_PrefabInternal: {fileID: 0}
  serializedVersion: 4
  m_Component:
  - 4: {fileID: 603061244}
  - 33: {fileID: 603061247}
  - 135: {fileID: 603061246}
  - 23: {fileID: 603061245}
  m_Layer: 0
  m_Name: DebugSphere
  m_TagString: Untagged
  m_Icon: {fileID: 0}
  m_NavMeshLayer: 0
  m_StaticEditorFlags: 0
  m_IsActive: 1
--- !u!4 &603061244
Transform:
  m_ObjectHideFlags: 0
  m_PrefabParentObject: {fileID: 0}
  m_PrefabInternal: {fileID: 0}
  m_GameObject: {fileID: 603061243}
  m_LocalRotation: {x: 0, y: 0, z: 0, w: 1}
  m_LocalPosition: {x: 0, y: 0, z: 0}
  m_LocalScale: {x: 0.1, y: 0.1, z: 0.1}
  m_LocalEulerAnglesHint: {x: 0, y: 0, z: 0}
  m_Children: []
  m_Father: {fileID: 364140058}
  m_RootOrder: 0
--- !u!23 &603061245
MeshRenderer:
  m_ObjectHideFlags: 0
  m_PrefabParentObject: {fileID: 0}
  m_PrefabInternal: {fileID: 0}
  m_GameObject: {fileID: 603061243}
  m_Enabled: 1
  m_CastShadows: 1
  m_ReceiveShadows: 1
  m_MotionVectors: 1
  m_LightProbeUsage: 1
  m_ReflectionProbeUsage: 1
  m_Materials:
  - {fileID: 10303, guid: 0000000000000000f000000000000000, type: 0}
  m_SubsetIndices: 
  m_StaticBatchRoot: {fileID: 0}
  m_ProbeAnchor: {fileID: 0}
  m_LightProbeVolumeOverride: {fileID: 0}
  m_ScaleInLightmap: 1
  m_PreserveUVs: 1
  m_IgnoreNormalsForChartDetection: 0
  m_ImportantGI: 0
  m_SelectedWireframeHidden: 0
  m_MinimumChartSize: 4
  m_AutoUVMaxDistance: 0.5
  m_AutoUVMaxAngle: 89
  m_LightmapParameters: {fileID: 0}
  m_SortingLayerID: 0
  m_SortingOrder: 0
--- !u!135 &603061246
SphereCollider:
  m_ObjectHideFlags: 0
  m_PrefabParentObject: {fileID: 0}
  m_PrefabInternal: {fileID: 0}
  m_GameObject: {fileID: 603061243}
  m_Material: {fileID: 0}
  m_IsTrigger: 0
  m_Enabled: 0
  serializedVersion: 2
  m_Radius: 0.5
  m_Center: {x: 0, y: 0, z: 0}
--- !u!33 &603061247
MeshFilter:
  m_ObjectHideFlags: 0
  m_PrefabParentObject: {fileID: 0}
  m_PrefabInternal: {fileID: 0}
  m_GameObject: {fileID: 603061243}
  m_Mesh: {fileID: 10207, guid: 0000000000000000e000000000000000, type: 0}
--- !u!1 &696153464 stripped
GameObject:
  m_PrefabParentObject: {fileID: 100000, guid: 0f13f1206ab882c4fb862b46ed34273c, type: 3}
  m_PrefabInternal: {fileID: 1395362075}
--- !u!64 &696153467
MeshCollider:
  m_ObjectHideFlags: 0
  m_PrefabParentObject: {fileID: 0}
  m_PrefabInternal: {fileID: 0}
  m_GameObject: {fileID: 696153464}
  m_Material: {fileID: 0}
  m_IsTrigger: 0
  m_Enabled: 1
  serializedVersion: 2
  m_Convex: 0
  m_Mesh: {fileID: 4300000, guid: 0f13f1206ab882c4fb862b46ed34273c, type: 3}
--- !u!1001 &706101835
Prefab:
  m_ObjectHideFlags: 0
  serializedVersion: 2
  m_Modification:
    m_TransformParent: {fileID: 419573994}
    m_Modifications:
    - target: {fileID: 400000, guid: 0b42430eee7bcfe4aa93cc2408549911, type: 3}
      propertyPath: m_LocalPosition.x
      value: 0
      objectReference: {fileID: 0}
    - target: {fileID: 400000, guid: 0b42430eee7bcfe4aa93cc2408549911, type: 3}
      propertyPath: m_LocalPosition.y
      value: 0
      objectReference: {fileID: 0}
    - target: {fileID: 400000, guid: 0b42430eee7bcfe4aa93cc2408549911, type: 3}
      propertyPath: m_LocalPosition.z
      value: 0
      objectReference: {fileID: 0}
    - target: {fileID: 400000, guid: 0b42430eee7bcfe4aa93cc2408549911, type: 3}
      propertyPath: m_LocalRotation.x
      value: -0.7071068
      objectReference: {fileID: 0}
    - target: {fileID: 400000, guid: 0b42430eee7bcfe4aa93cc2408549911, type: 3}
      propertyPath: m_LocalRotation.y
      value: 0
      objectReference: {fileID: 0}
    - target: {fileID: 400000, guid: 0b42430eee7bcfe4aa93cc2408549911, type: 3}
      propertyPath: m_LocalRotation.z
      value: 0
      objectReference: {fileID: 0}
    - target: {fileID: 400000, guid: 0b42430eee7bcfe4aa93cc2408549911, type: 3}
      propertyPath: m_LocalRotation.w
      value: 0.7071068
      objectReference: {fileID: 0}
    - target: {fileID: 400000, guid: 0b42430eee7bcfe4aa93cc2408549911, type: 3}
      propertyPath: m_RootOrder
      value: 0
      objectReference: {fileID: 0}
    - target: {fileID: 400000, guid: 0b42430eee7bcfe4aa93cc2408549911, type: 3}
      propertyPath: m_LocalEulerAnglesHint.x
      value: -90
      objectReference: {fileID: 0}
    - target: {fileID: 400000, guid: 0b42430eee7bcfe4aa93cc2408549911, type: 3}
      propertyPath: m_LocalScale.y
      value: 1
      objectReference: {fileID: 0}
    - target: {fileID: 400000, guid: 0b42430eee7bcfe4aa93cc2408549911, type: 3}
      propertyPath: m_LocalScale.z
      value: 1
      objectReference: {fileID: 0}
    - target: {fileID: 2300000, guid: 0b42430eee7bcfe4aa93cc2408549911, type: 3}
      propertyPath: m_Materials.Array.data[0]
      value: 
      objectReference: {fileID: 2100000, guid: b015f878cf6b20642b35157af9eeede8, type: 2}
    - target: {fileID: 400000, guid: 0b42430eee7bcfe4aa93cc2408549911, type: 3}
      propertyPath: m_LocalEulerAnglesHint.y
      value: 0
      objectReference: {fileID: 0}
    - target: {fileID: 400000, guid: 0b42430eee7bcfe4aa93cc2408549911, type: 3}
      propertyPath: m_LocalEulerAnglesHint.z
      value: 0
      objectReference: {fileID: 0}
    m_RemovedComponents: []
  m_ParentPrefab: {fileID: 100100000, guid: 0b42430eee7bcfe4aa93cc2408549911, type: 3}
  m_IsPrefabParent: 0
--- !u!4 &706101836 stripped
Transform:
  m_PrefabParentObject: {fileID: 400000, guid: 0b42430eee7bcfe4aa93cc2408549911, type: 3}
  m_PrefabInternal: {fileID: 706101835}
--- !u!1 &779723560 stripped
GameObject:
  m_PrefabParentObject: {fileID: 100000, guid: 0722c064ea5469841af08db6233d3005, type: 3}
  m_PrefabInternal: {fileID: 1033476807}
--- !u!64 &779723563
MeshCollider:
  m_ObjectHideFlags: 0
  m_PrefabParentObject: {fileID: 0}
  m_PrefabInternal: {fileID: 0}
  m_GameObject: {fileID: 779723560}
  m_Material: {fileID: 0}
  m_IsTrigger: 0
  m_Enabled: 1
  serializedVersion: 2
  m_Convex: 0
  m_Mesh: {fileID: 4300000, guid: 0722c064ea5469841af08db6233d3005, type: 3}
--- !u!1 &799385744
GameObject:
  m_ObjectHideFlags: 0
  m_PrefabParentObject: {fileID: 0}
  m_PrefabInternal: {fileID: 0}
  serializedVersion: 4
  m_Component:
  - 4: {fileID: 799385746}
  - 108: {fileID: 799385745}
  m_Layer: 0
  m_Name: Directional Light
  m_TagString: Untagged
  m_Icon: {fileID: 0}
  m_NavMeshLayer: 0
  m_StaticEditorFlags: 0
  m_IsActive: 1
--- !u!108 &799385745
Light:
  m_ObjectHideFlags: 0
  m_PrefabParentObject: {fileID: 0}
  m_PrefabInternal: {fileID: 0}
  m_GameObject: {fileID: 799385744}
  m_Enabled: 1
  serializedVersion: 7
  m_Type: 1
  m_Color: {r: 1, g: 0.95686275, b: 0.8392157, a: 1}
  m_Intensity: 1
  m_Range: 10
  m_SpotAngle: 30
  m_CookieSize: 10
  m_Shadows:
    m_Type: 2
    m_Resolution: -1
    m_CustomResolution: -1
    m_Strength: 1
    m_Bias: 0.05
    m_NormalBias: 0.4
    m_NearPlane: 0.2
  m_Cookie: {fileID: 0}
  m_DrawHalo: 0
  m_Flare: {fileID: 0}
  m_RenderMode: 0
  m_CullingMask:
    serializedVersion: 2
    m_Bits: 4294967295
  m_Lightmapping: 4
  m_AreaSize: {x: 1, y: 1}
  m_BounceIntensity: 1
  m_ShadowRadius: 0
  m_ShadowAngle: 0
--- !u!4 &799385746
Transform:
  m_ObjectHideFlags: 0
  m_PrefabParentObject: {fileID: 0}
  m_PrefabInternal: {fileID: 0}
  m_GameObject: {fileID: 799385744}
  m_LocalRotation: {x: 0.40821788, y: -0.23456968, z: 0.10938163, w: 0.8754261}
  m_LocalPosition: {x: 0, y: 3, z: 0}
  m_LocalScale: {x: 1, y: 1, z: 1}
  m_LocalEulerAnglesHint: {x: 50, y: -30, z: 0}
  m_Children: []
  m_Father: {fileID: 0}
  m_RootOrder: 2
--- !u!1001 &826188494
Prefab:
  m_ObjectHideFlags: 0
  serializedVersion: 2
  m_Modification:
    m_TransformParent: {fileID: 1757204635}
    m_Modifications:
    - target: {fileID: 400000, guid: 0f13f1206ab882c4fb862b46ed34273c, type: 3}
      propertyPath: m_LocalPosition.x
      value: 15.207275
      objectReference: {fileID: 0}
    - target: {fileID: 400000, guid: 0f13f1206ab882c4fb862b46ed34273c, type: 3}
      propertyPath: m_LocalPosition.y
      value: 0.5156342
      objectReference: {fileID: 0}
    - target: {fileID: 400000, guid: 0f13f1206ab882c4fb862b46ed34273c, type: 3}
      propertyPath: m_LocalPosition.z
      value: 17.35842
      objectReference: {fileID: 0}
    - target: {fileID: 400000, guid: 0f13f1206ab882c4fb862b46ed34273c, type: 3}
      propertyPath: m_LocalRotation.x
      value: -0.00008823722
      objectReference: {fileID: 0}
    - target: {fileID: 400000, guid: 0f13f1206ab882c4fb862b46ed34273c, type: 3}
      propertyPath: m_LocalRotation.y
      value: -0.7071068
      objectReference: {fileID: 0}
    - target: {fileID: 400000, guid: 0f13f1206ab882c4fb862b46ed34273c, type: 3}
      propertyPath: m_LocalRotation.z
      value: -0.70710677
      objectReference: {fileID: 0}
    - target: {fileID: 400000, guid: 0f13f1206ab882c4fb862b46ed34273c, type: 3}
      propertyPath: m_LocalRotation.w
      value: 0.00008822232
      objectReference: {fileID: 0}
    - target: {fileID: 400000, guid: 0f13f1206ab882c4fb862b46ed34273c, type: 3}
      propertyPath: m_RootOrder
      value: 5
      objectReference: {fileID: 0}
    - target: {fileID: 100000, guid: 0f13f1206ab882c4fb862b46ed34273c, type: 3}
      propertyPath: m_Name
      value: trackparts_corner_full_long (5)
      objectReference: {fileID: 0}
    - target: {fileID: 400000, guid: 0f13f1206ab882c4fb862b46ed34273c, type: 3}
      propertyPath: m_LocalEulerAnglesHint.x
      value: -89.981
      objectReference: {fileID: 0}
    - target: {fileID: 400000, guid: 0f13f1206ab882c4fb862b46ed34273c, type: 3}
      propertyPath: m_LocalEulerAnglesHint.z
      value: -179.98601
      objectReference: {fileID: 0}
    - target: {fileID: 400000, guid: 0f13f1206ab882c4fb862b46ed34273c, type: 3}
      propertyPath: m_LocalScale.x
      value: 1
      objectReference: {fileID: 0}
    - target: {fileID: 400000, guid: 0f13f1206ab882c4fb862b46ed34273c, type: 3}
      propertyPath: m_LocalScale.y
      value: 1
      objectReference: {fileID: 0}
    - target: {fileID: 2300000, guid: 0f13f1206ab882c4fb862b46ed34273c, type: 3}
      propertyPath: m_Materials.Array.data[0]
      value: 
      objectReference: {fileID: 2100000, guid: 0167ffafe655f2341b28eaa51bd19e6c, type: 2}
    - target: {fileID: 100000, guid: 0f13f1206ab882c4fb862b46ed34273c, type: 3}
      propertyPath: m_TagString
      value: Ground
      objectReference: {fileID: 0}
    m_RemovedComponents: []
  m_ParentPrefab: {fileID: 100100000, guid: 0f13f1206ab882c4fb862b46ed34273c, type: 3}
  m_IsPrefabParent: 0
--- !u!4 &826188495 stripped
Transform:
  m_PrefabParentObject: {fileID: 400000, guid: 0f13f1206ab882c4fb862b46ed34273c, type: 3}
  m_PrefabInternal: {fileID: 826188494}
--- !u!1001 &982529931
Prefab:
  m_ObjectHideFlags: 0
  serializedVersion: 2
  m_Modification:
    m_TransformParent: {fileID: 1757204635}
    m_Modifications:
    - target: {fileID: 400000, guid: 0f13f1206ab882c4fb862b46ed34273c, type: 3}
      propertyPath: m_LocalPosition.x
      value: -12.792725
      objectReference: {fileID: 0}
    - target: {fileID: 400000, guid: 0f13f1206ab882c4fb862b46ed34273c, type: 3}
      propertyPath: m_LocalPosition.y
      value: 0.5156342
      objectReference: {fileID: 0}
    - target: {fileID: 400000, guid: 0f13f1206ab882c4fb862b46ed34273c, type: 3}
      propertyPath: m_LocalPosition.z
      value: 17.35842
      objectReference: {fileID: 0}
    - target: {fileID: 400000, guid: 0f13f1206ab882c4fb862b46ed34273c, type: 3}
      propertyPath: m_LocalRotation.x
      value: -0.7071068
      objectReference: {fileID: 0}
    - target: {fileID: 400000, guid: 0f13f1206ab882c4fb862b46ed34273c, type: 3}
      propertyPath: m_LocalRotation.y
      value: 0.00011359155
      objectReference: {fileID: 0}
    - target: {fileID: 400000, guid: 0f13f1206ab882c4fb862b46ed34273c, type: 3}
      propertyPath: m_LocalRotation.z
      value: 0.00011359155
      objectReference: {fileID: 0}
    - target: {fileID: 400000, guid: 0f13f1206ab882c4fb862b46ed34273c, type: 3}
      propertyPath: m_LocalRotation.w
      value: 0.7071068
      objectReference: {fileID: 0}
    - target: {fileID: 400000, guid: 0f13f1206ab882c4fb862b46ed34273c, type: 3}
      propertyPath: m_RootOrder
      value: 3
      objectReference: {fileID: 0}
    - target: {fileID: 100000, guid: 0f13f1206ab882c4fb862b46ed34273c, type: 3}
      propertyPath: m_Name
      value: trackparts_corner_full_long (3)
      objectReference: {fileID: 0}
    - target: {fileID: 400000, guid: 0f13f1206ab882c4fb862b46ed34273c, type: 3}
      propertyPath: m_LocalEulerAnglesHint.x
      value: -89.981
      objectReference: {fileID: 0}
    - target: {fileID: 400000, guid: 0f13f1206ab882c4fb862b46ed34273c, type: 3}
      propertyPath: m_LocalEulerAnglesHint.z
      value: 0.018000001
      objectReference: {fileID: 0}
    - target: {fileID: 400000, guid: 0f13f1206ab882c4fb862b46ed34273c, type: 3}
      propertyPath: m_LocalScale.y
      value: 1
      objectReference: {fileID: 0}
    - target: {fileID: 400000, guid: 0f13f1206ab882c4fb862b46ed34273c, type: 3}
      propertyPath: m_LocalScale.z
      value: 1
      objectReference: {fileID: 0}
    - target: {fileID: 2300000, guid: 0f13f1206ab882c4fb862b46ed34273c, type: 3}
      propertyPath: m_Materials.Array.data[0]
      value: 
      objectReference: {fileID: 2100000, guid: 0167ffafe655f2341b28eaa51bd19e6c, type: 2}
    - target: {fileID: 100000, guid: 0f13f1206ab882c4fb862b46ed34273c, type: 3}
      propertyPath: m_TagString
      value: Ground
      objectReference: {fileID: 0}
    m_RemovedComponents: []
  m_ParentPrefab: {fileID: 100100000, guid: 0f13f1206ab882c4fb862b46ed34273c, type: 3}
  m_IsPrefabParent: 0
--- !u!4 &982529932 stripped
Transform:
  m_PrefabParentObject: {fileID: 400000, guid: 0f13f1206ab882c4fb862b46ed34273c, type: 3}
  m_PrefabInternal: {fileID: 982529931}
--- !u!1001 &1015981181
Prefab:
  m_ObjectHideFlags: 0
  serializedVersion: 2
  m_Modification:
    m_TransformParent: {fileID: 1757204635}
    m_Modifications:
    - target: {fileID: 400000, guid: ccd0ff9ca138e1048a2d1ac8e4a1be40, type: 3}
      propertyPath: m_LocalPosition.x
      value: 15.207275
      objectReference: {fileID: 0}
    - target: {fileID: 400000, guid: ccd0ff9ca138e1048a2d1ac8e4a1be40, type: 3}
      propertyPath: m_LocalPosition.y
      value: 0.5156342
      objectReference: {fileID: 0}
    - target: {fileID: 400000, guid: ccd0ff9ca138e1048a2d1ac8e4a1be40, type: 3}
      propertyPath: m_LocalPosition.z
      value: 16.35842
      objectReference: {fileID: 0}
    - target: {fileID: 400000, guid: ccd0ff9ca138e1048a2d1ac8e4a1be40, type: 3}
      propertyPath: m_LocalRotation.x
      value: -0.7071068
      objectReference: {fileID: 0}
    - target: {fileID: 400000, guid: ccd0ff9ca138e1048a2d1ac8e4a1be40, type: 3}
      propertyPath: m_LocalRotation.y
      value: -0
      objectReference: {fileID: 0}
    - target: {fileID: 400000, guid: ccd0ff9ca138e1048a2d1ac8e4a1be40, type: 3}
      propertyPath: m_LocalRotation.z
      value: -0
      objectReference: {fileID: 0}
    - target: {fileID: 400000, guid: ccd0ff9ca138e1048a2d1ac8e4a1be40, type: 3}
      propertyPath: m_LocalRotation.w
      value: 0.7071067
      objectReference: {fileID: 0}
    - target: {fileID: 400000, guid: ccd0ff9ca138e1048a2d1ac8e4a1be40, type: 3}
      propertyPath: m_RootOrder
      value: 8
      objectReference: {fileID: 0}
    - target: {fileID: 100000, guid: ccd0ff9ca138e1048a2d1ac8e4a1be40, type: 3}
      propertyPath: m_Name
      value: trackparts_straight_short (1)
      objectReference: {fileID: 0}
    - target: {fileID: 400000, guid: ccd0ff9ca138e1048a2d1ac8e4a1be40, type: 3}
      propertyPath: m_LocalScale.y
      value: 1
      objectReference: {fileID: 0}
    - target: {fileID: 400000, guid: ccd0ff9ca138e1048a2d1ac8e4a1be40, type: 3}
      propertyPath: m_LocalScale.z
      value: 1
      objectReference: {fileID: 0}
    - target: {fileID: 2300000, guid: ccd0ff9ca138e1048a2d1ac8e4a1be40, type: 3}
      propertyPath: m_Materials.Array.data[0]
      value: 
      objectReference: {fileID: 2100000, guid: 0167ffafe655f2341b28eaa51bd19e6c, type: 2}
    - target: {fileID: 100000, guid: ccd0ff9ca138e1048a2d1ac8e4a1be40, type: 3}
      propertyPath: m_TagString
      value: Ground
      objectReference: {fileID: 0}
    m_RemovedComponents: []
  m_ParentPrefab: {fileID: 100100000, guid: ccd0ff9ca138e1048a2d1ac8e4a1be40, type: 3}
  m_IsPrefabParent: 0
--- !u!4 &1015981182 stripped
Transform:
  m_PrefabParentObject: {fileID: 400000, guid: ccd0ff9ca138e1048a2d1ac8e4a1be40, type: 3}
  m_PrefabInternal: {fileID: 1015981181}
--- !u!1001 &1033476807
Prefab:
  m_ObjectHideFlags: 0
  serializedVersion: 2
  m_Modification:
    m_TransformParent: {fileID: 1757204635}
    m_Modifications:
    - target: {fileID: 400000, guid: 0722c064ea5469841af08db6233d3005, type: 3}
      propertyPath: m_LocalPosition.x
      value: 15.207275
      objectReference: {fileID: 0}
    - target: {fileID: 400000, guid: 0722c064ea5469841af08db6233d3005, type: 3}
      propertyPath: m_LocalPosition.y
      value: 0.5156342
      objectReference: {fileID: 0}
    - target: {fileID: 400000, guid: 0722c064ea5469841af08db6233d3005, type: 3}
      propertyPath: m_LocalPosition.z
      value: -1.6415799
      objectReference: {fileID: 0}
    - target: {fileID: 400000, guid: 0722c064ea5469841af08db6233d3005, type: 3}
      propertyPath: m_LocalRotation.x
      value: -0.7071068
      objectReference: {fileID: 0}
    - target: {fileID: 400000, guid: 0722c064ea5469841af08db6233d3005, type: 3}
      propertyPath: m_LocalRotation.y
      value: -0
      objectReference: {fileID: 0}
    - target: {fileID: 400000, guid: 0722c064ea5469841af08db6233d3005, type: 3}
      propertyPath: m_LocalRotation.z
      value: -0
      objectReference: {fileID: 0}
    - target: {fileID: 400000, guid: 0722c064ea5469841af08db6233d3005, type: 3}
      propertyPath: m_LocalRotation.w
      value: 0.7071068
      objectReference: {fileID: 0}
    - target: {fileID: 400000, guid: 0722c064ea5469841af08db6233d3005, type: 3}
      propertyPath: m_RootOrder
      value: 2
      objectReference: {fileID: 0}
    - target: {fileID: 400000, guid: 0722c064ea5469841af08db6233d3005, type: 3}
      propertyPath: m_LocalEulerAnglesHint.x
      value: -90
      objectReference: {fileID: 0}
    - target: {fileID: 100000, guid: 0722c064ea5469841af08db6233d3005, type: 3}
      propertyPath: m_Name
      value: trackparts_straight_long (1)
      objectReference: {fileID: 0}
    - target: {fileID: 400000, guid: 0722c064ea5469841af08db6233d3005, type: 3}
      propertyPath: m_LocalScale.y
      value: 1
      objectReference: {fileID: 0}
    - target: {fileID: 400000, guid: 0722c064ea5469841af08db6233d3005, type: 3}
      propertyPath: m_LocalScale.z
      value: 1
      objectReference: {fileID: 0}
    - target: {fileID: 2300000, guid: 0722c064ea5469841af08db6233d3005, type: 3}
      propertyPath: m_Materials.Array.data[0]
      value: 
      objectReference: {fileID: 2100000, guid: 0167ffafe655f2341b28eaa51bd19e6c, type: 2}
    - target: {fileID: 100000, guid: 0722c064ea5469841af08db6233d3005, type: 3}
      propertyPath: m_TagString
      value: Ground
      objectReference: {fileID: 0}
    m_RemovedComponents: []
  m_ParentPrefab: {fileID: 100100000, guid: 0722c064ea5469841af08db6233d3005, type: 3}
  m_IsPrefabParent: 0
--- !u!4 &1033476808 stripped
Transform:
  m_PrefabParentObject: {fileID: 400000, guid: 0722c064ea5469841af08db6233d3005, type: 3}
  m_PrefabInternal: {fileID: 1033476807}
--- !u!1001 &1124479858
Prefab:
  m_ObjectHideFlags: 0
  serializedVersion: 2
  m_Modification:
    m_TransformParent: {fileID: 1757204635}
    m_Modifications:
    - target: {fileID: 400000, guid: ccd0ff9ca138e1048a2d1ac8e4a1be40, type: 3}
      propertyPath: m_LocalPosition.x
      value: 15.207275
      objectReference: {fileID: 0}
    - target: {fileID: 400000, guid: ccd0ff9ca138e1048a2d1ac8e4a1be40, type: 3}
      propertyPath: m_LocalPosition.y
      value: 0.5156342
      objectReference: {fileID: 0}
    - target: {fileID: 400000, guid: ccd0ff9ca138e1048a2d1ac8e4a1be40, type: 3}
      propertyPath: m_LocalPosition.z
      value: 14.35842
      objectReference: {fileID: 0}
    - target: {fileID: 400000, guid: ccd0ff9ca138e1048a2d1ac8e4a1be40, type: 3}
      propertyPath: m_LocalRotation.x
      value: -0.7071068
      objectReference: {fileID: 0}
    - target: {fileID: 400000, guid: ccd0ff9ca138e1048a2d1ac8e4a1be40, type: 3}
      propertyPath: m_LocalRotation.y
      value: -0
      objectReference: {fileID: 0}
    - target: {fileID: 400000, guid: ccd0ff9ca138e1048a2d1ac8e4a1be40, type: 3}
      propertyPath: m_LocalRotation.z
      value: -0
      objectReference: {fileID: 0}
    - target: {fileID: 400000, guid: ccd0ff9ca138e1048a2d1ac8e4a1be40, type: 3}
      propertyPath: m_LocalRotation.w
      value: 0.7071067
      objectReference: {fileID: 0}
    - target: {fileID: 400000, guid: ccd0ff9ca138e1048a2d1ac8e4a1be40, type: 3}
      propertyPath: m_RootOrder
      value: 11
      objectReference: {fileID: 0}
    - target: {fileID: 400000, guid: ccd0ff9ca138e1048a2d1ac8e4a1be40, type: 3}
      propertyPath: m_LocalScale.y
      value: 1
      objectReference: {fileID: 0}
    - target: {fileID: 400000, guid: ccd0ff9ca138e1048a2d1ac8e4a1be40, type: 3}
      propertyPath: m_LocalScale.z
      value: 1
      objectReference: {fileID: 0}
    - target: {fileID: 2300000, guid: ccd0ff9ca138e1048a2d1ac8e4a1be40, type: 3}
      propertyPath: m_Materials.Array.data[0]
      value: 
      objectReference: {fileID: 2100000, guid: 0167ffafe655f2341b28eaa51bd19e6c, type: 2}
    - target: {fileID: 100000, guid: ccd0ff9ca138e1048a2d1ac8e4a1be40, type: 3}
      propertyPath: m_TagString
      value: Ground
      objectReference: {fileID: 0}
    m_RemovedComponents: []
  m_ParentPrefab: {fileID: 100100000, guid: ccd0ff9ca138e1048a2d1ac8e4a1be40, type: 3}
  m_IsPrefabParent: 0
--- !u!4 &1124479859 stripped
Transform:
  m_PrefabParentObject: {fileID: 400000, guid: ccd0ff9ca138e1048a2d1ac8e4a1be40, type: 3}
  m_PrefabInternal: {fileID: 1124479858}
--- !u!1 &1157132899 stripped
GameObject:
  m_PrefabParentObject: {fileID: 100000, guid: 0722c064ea5469841af08db6233d3005, type: 3}
  m_PrefabInternal: {fileID: 1315015997}
--- !u!64 &1157132902
MeshCollider:
  m_ObjectHideFlags: 0
  m_PrefabParentObject: {fileID: 0}
  m_PrefabInternal: {fileID: 0}
  m_GameObject: {fileID: 1157132899}
  m_Material: {fileID: 0}
  m_IsTrigger: 0
  m_Enabled: 1
  serializedVersion: 2
  m_Convex: 0
  m_Mesh: {fileID: 4300000, guid: 0722c064ea5469841af08db6233d3005, type: 3}
--- !u!1001 &1294304128
Prefab:
  m_ObjectHideFlags: 0
  serializedVersion: 2
  m_Modification:
    m_TransformParent: {fileID: 1757204635}
    m_Modifications:
    - target: {fileID: 400000, guid: 0f13f1206ab882c4fb862b46ed34273c, type: 3}
      propertyPath: m_LocalPosition.x
      value: 1.207275
      objectReference: {fileID: 0}
    - target: {fileID: 400000, guid: 0f13f1206ab882c4fb862b46ed34273c, type: 3}
      propertyPath: m_LocalPosition.y
      value: 0.5156342
      objectReference: {fileID: 0}
    - target: {fileID: 400000, guid: 0f13f1206ab882c4fb862b46ed34273c, type: 3}
      propertyPath: m_LocalPosition.z
      value: -6.6415796
      objectReference: {fileID: 0}
    - target: {fileID: 400000, guid: 0f13f1206ab882c4fb862b46ed34273c, type: 3}
      propertyPath: m_LocalRotation.x
      value: -0.7071068
      objectReference: {fileID: 0}
    - target: {fileID: 400000, guid: 0f13f1206ab882c4fb862b46ed34273c, type: 3}
      propertyPath: m_LocalRotation.y
      value: -0
      objectReference: {fileID: 0}
    - target: {fileID: 400000, guid: 0f13f1206ab882c4fb862b46ed34273c, type: 3}
      propertyPath: m_LocalRotation.z
      value: -0
      objectReference: {fileID: 0}
    - target: {fileID: 400000, guid: 0f13f1206ab882c4fb862b46ed34273c, type: 3}
      propertyPath: m_LocalRotation.w
      value: 0.7071067
      objectReference: {fileID: 0}
    - target: {fileID: 400000, guid: 0f13f1206ab882c4fb862b46ed34273c, type: 3}
      propertyPath: m_RootOrder
      value: 12
      objectReference: {fileID: 0}
    - target: {fileID: 400000, guid: 0f13f1206ab882c4fb862b46ed34273c, type: 3}
      propertyPath: m_LocalScale.y
      value: 1
      objectReference: {fileID: 0}
    - target: {fileID: 400000, guid: 0f13f1206ab882c4fb862b46ed34273c, type: 3}
      propertyPath: m_LocalScale.z
      value: 1
      objectReference: {fileID: 0}
    - target: {fileID: 2300000, guid: 0f13f1206ab882c4fb862b46ed34273c, type: 3}
      propertyPath: m_Materials.Array.data[0]
      value: 
      objectReference: {fileID: 2100000, guid: 0167ffafe655f2341b28eaa51bd19e6c, type: 2}
    - target: {fileID: 100000, guid: 0f13f1206ab882c4fb862b46ed34273c, type: 3}
      propertyPath: m_TagString
      value: Ground
      objectReference: {fileID: 0}
    m_RemovedComponents: []
  m_ParentPrefab: {fileID: 100100000, guid: 0f13f1206ab882c4fb862b46ed34273c, type: 3}
  m_IsPrefabParent: 0
--- !u!4 &1294304129 stripped
Transform:
  m_PrefabParentObject: {fileID: 400000, guid: 0f13f1206ab882c4fb862b46ed34273c, type: 3}
  m_PrefabInternal: {fileID: 1294304128}
--- !u!43 &1296793023
Mesh:
  m_ObjectHideFlags: 0
  m_PrefabParentObject: {fileID: 0}
  m_PrefabInternal: {fileID: 0}
  m_Name: 
  serializedVersion: 8
  m_SubMeshes:
  - serializedVersion: 2
    firstByte: 0
    indexCount: 24
    topology: 0
    firstVertex: 0
    vertexCount: 8
    localAABB:
      m_Center: {x: 0, y: 0.01, z: 0}
      m_Extent: {x: 1.65, y: 0, z: 1.275}
  m_Shapes:
    vertices: []
    shapes: []
    channels: []
    fullWeights: []
  m_BindPose: []
  m_BoneNameHashes: 
  m_RootBoneNameHash: 0
  m_MeshCompression: 0
  m_IsReadable: 1
  m_KeepVertices: 1
  m_KeepIndices: 1
  m_IndexBuffer: 000004000100010004000500010005000200020005000600020006000300030006000700030007000000000007000400
  m_Skin: []
  m_VertexData:
    m_CurrentChannels: 13
    m_VertexCount: 8
    m_Channels:
    - stream: 0
      offset: 0
      format: 0
      dimension: 3
    - stream: 0
      offset: 0
      format: 0
      dimension: 0
    - stream: 0
      offset: 12
      format: 0
      dimension: 4
    - stream: 0
      offset: 28
      format: 0
      dimension: 2
    - stream: 0
      offset: 0
      format: 0
      dimension: 0
    - stream: 0
      offset: 0
      format: 0
      dimension: 0
    - stream: 0
      offset: 0
      format: 0
      dimension: 0
    - stream: 0
      offset: 0
      format: 0
      dimension: 0
    m_DataSize: 288
    _typelessdata: 0000c03f0ad7233c0000903f000000000000803f0000803f0000803f00000000000000000000c03f0ad7233c000090bf000000000000803f0000803f0000803f0000803f000000000000c0bf0ad7233c000090bf000000000000803f0000803f0000803f00000000000000000000c0bf0ad7233c0000903f000000000000803f0000803f0000803f0000803f000000003333d33f0ad7233c3333a33f000000000000803f0000803f00000000000000000000803f3333d33f0ad7233c3333a3bf000000000000803f0000803f000000000000803f0000803f3333d3bf0ad7233c3333a3bf000000000000803f0000803f00000000000000000000803f3333d3bf0ad7233c3333a33f000000000000803f0000803f000000000000803f0000803f
  m_CompressedMesh:
    m_Vertices:
      m_NumItems: 0
      m_Range: 0
      m_Start: 0
      m_Data: 
      m_BitSize: 0
    m_UV:
      m_NumItems: 0
      m_Range: 0
      m_Start: 0
      m_Data: 
      m_BitSize: 0
    m_Normals:
      m_NumItems: 0
      m_Range: 0
      m_Start: 0
      m_Data: 
      m_BitSize: 0
    m_Tangents:
      m_NumItems: 0
      m_Range: 0
      m_Start: 0
      m_Data: 
      m_BitSize: 0
    m_Weights:
      m_NumItems: 0
      m_Data: 
      m_BitSize: 0
    m_NormalSigns:
      m_NumItems: 0
      m_Data: 
      m_BitSize: 0
    m_TangentSigns:
      m_NumItems: 0
      m_Data: 
      m_BitSize: 0
    m_FloatColors:
      m_NumItems: 0
      m_Range: 0
      m_Start: 0
      m_Data: 
      m_BitSize: 0
    m_BoneIndices:
      m_NumItems: 0
      m_Data: 
      m_BitSize: 0
    m_Triangles:
      m_NumItems: 0
      m_Data: 
      m_BitSize: 0
    m_UVInfo: 0
  m_LocalAABB:
    m_Center: {x: 0, y: 0.01, z: 0}
    m_Extent: {x: 1.65, y: 0, z: 1.275}
  m_MeshUsageFlags: 0
  m_BakedConvexCollisionMesh: 
  m_BakedTriangleCollisionMesh: 
  m_MeshOptimized: 0
--- !u!1001 &1315015997
Prefab:
  m_ObjectHideFlags: 0
  serializedVersion: 2
  m_Modification:
    m_TransformParent: {fileID: 1757204635}
    m_Modifications:
    - target: {fileID: 400000, guid: 0722c064ea5469841af08db6233d3005, type: 3}
      propertyPath: m_LocalPosition.x
      value: -0.79272497
      objectReference: {fileID: 0}
    - target: {fileID: 400000, guid: 0722c064ea5469841af08db6233d3005, type: 3}
      propertyPath: m_LocalPosition.y
      value: 0.5156342
      objectReference: {fileID: 0}
    - target: {fileID: 400000, guid: 0722c064ea5469841af08db6233d3005, type: 3}
      propertyPath: m_LocalPosition.z
      value: 24.35842
      objectReference: {fileID: 0}
    - target: {fileID: 400000, guid: 0722c064ea5469841af08db6233d3005, type: 3}
      propertyPath: m_LocalRotation.x
      value: -0.5
      objectReference: {fileID: 0}
    - target: {fileID: 400000, guid: 0722c064ea5469841af08db6233d3005, type: 3}
      propertyPath: m_LocalRotation.y
      value: 0.5
      objectReference: {fileID: 0}
    - target: {fileID: 400000, guid: 0722c064ea5469841af08db6233d3005, type: 3}
      propertyPath: m_LocalRotation.z
      value: 0.5
      objectReference: {fileID: 0}
    - target: {fileID: 400000, guid: 0722c064ea5469841af08db6233d3005, type: 3}
      propertyPath: m_LocalRotation.w
      value: 0.5
      objectReference: {fileID: 0}
    - target: {fileID: 400000, guid: 0722c064ea5469841af08db6233d3005, type: 3}
      propertyPath: m_RootOrder
      value: 7
      objectReference: {fileID: 0}
    - target: {fileID: 400000, guid: 0722c064ea5469841af08db6233d3005, type: 3}
      propertyPath: m_LocalEulerAnglesHint.x
      value: -90
      objectReference: {fileID: 0}
    - target: {fileID: 100000, guid: 0722c064ea5469841af08db6233d3005, type: 3}
      propertyPath: m_Name
      value: trackparts_straight_long (3)
      objectReference: {fileID: 0}
    - target: {fileID: 400000, guid: 0722c064ea5469841af08db6233d3005, type: 3}
      propertyPath: m_LocalEulerAnglesHint.z
      value: 90
      objectReference: {fileID: 0}
    - target: {fileID: 2300000, guid: 0722c064ea5469841af08db6233d3005, type: 3}
      propertyPath: m_Materials.Array.data[0]
      value: 
      objectReference: {fileID: 2100000, guid: 0167ffafe655f2341b28eaa51bd19e6c, type: 2}
    - target: {fileID: 100000, guid: 0722c064ea5469841af08db6233d3005, type: 3}
      propertyPath: m_TagString
      value: Ground
      objectReference: {fileID: 0}
    m_RemovedComponents: []
  m_ParentPrefab: {fileID: 100100000, guid: 0722c064ea5469841af08db6233d3005, type: 3}
  m_IsPrefabParent: 0
--- !u!4 &1315015998 stripped
Transform:
  m_PrefabParentObject: {fileID: 400000, guid: 0722c064ea5469841af08db6233d3005, type: 3}
  m_PrefabInternal: {fileID: 1315015997}
--- !u!1001 &1395362075
Prefab:
  m_ObjectHideFlags: 0
  serializedVersion: 2
  m_Modification:
    m_TransformParent: {fileID: 1757204635}
    m_Modifications:
    - target: {fileID: 400000, guid: 0f13f1206ab882c4fb862b46ed34273c, type: 3}
      propertyPath: m_LocalPosition.x
      value: 1.207275
      objectReference: {fileID: 0}
    - target: {fileID: 400000, guid: 0f13f1206ab882c4fb862b46ed34273c, type: 3}
      propertyPath: m_LocalPosition.y
      value: 0.5156342
      objectReference: {fileID: 0}
    - target: {fileID: 400000, guid: 0f13f1206ab882c4fb862b46ed34273c, type: 3}
      propertyPath: m_LocalPosition.z
      value: 3.3584201
      objectReference: {fileID: 0}
    - target: {fileID: 400000, guid: 0f13f1206ab882c4fb862b46ed34273c, type: 3}
      propertyPath: m_LocalRotation.x
      value: -0.00008823722
      objectReference: {fileID: 0}
    - target: {fileID: 400000, guid: 0f13f1206ab882c4fb862b46ed34273c, type: 3}
      propertyPath: m_LocalRotation.y
      value: -0.7071068
      objectReference: {fileID: 0}
    - target: {fileID: 400000, guid: 0f13f1206ab882c4fb862b46ed34273c, type: 3}
      propertyPath: m_LocalRotation.z
      value: -0.70710677
      objectReference: {fileID: 0}
    - target: {fileID: 400000, guid: 0f13f1206ab882c4fb862b46ed34273c, type: 3}
      propertyPath: m_LocalRotation.w
      value: 0.00008822232
      objectReference: {fileID: 0}
    - target: {fileID: 400000, guid: 0f13f1206ab882c4fb862b46ed34273c, type: 3}
      propertyPath: m_RootOrder
      value: 0
      objectReference: {fileID: 0}
    - target: {fileID: 100000, guid: 0f13f1206ab882c4fb862b46ed34273c, type: 3}
      propertyPath: m_Name
      value: trackparts_corner_full_long (1)
      objectReference: {fileID: 0}
    - target: {fileID: 400000, guid: 0f13f1206ab882c4fb862b46ed34273c, type: 3}
      propertyPath: m_LocalEulerAnglesHint.x
      value: -89.981
      objectReference: {fileID: 0}
    - target: {fileID: 400000, guid: 0f13f1206ab882c4fb862b46ed34273c, type: 3}
      propertyPath: m_LocalEulerAnglesHint.z
      value: -179.98601
      objectReference: {fileID: 0}
    - target: {fileID: 400000, guid: 0f13f1206ab882c4fb862b46ed34273c, type: 3}
      propertyPath: m_LocalScale.x
      value: 1
      objectReference: {fileID: 0}
    - target: {fileID: 400000, guid: 0f13f1206ab882c4fb862b46ed34273c, type: 3}
      propertyPath: m_LocalScale.y
      value: 1
      objectReference: {fileID: 0}
    - target: {fileID: 2300000, guid: 0f13f1206ab882c4fb862b46ed34273c, type: 3}
      propertyPath: m_Materials.Array.data[0]
      value: 
      objectReference: {fileID: 2100000, guid: 0167ffafe655f2341b28eaa51bd19e6c, type: 2}
    - target: {fileID: 100000, guid: 0f13f1206ab882c4fb862b46ed34273c, type: 3}
      propertyPath: m_TagString
      value: Ground
      objectReference: {fileID: 0}
    m_RemovedComponents: []
  m_ParentPrefab: {fileID: 100100000, guid: 0f13f1206ab882c4fb862b46ed34273c, type: 3}
  m_IsPrefabParent: 0
--- !u!4 &1395362076 stripped
Transform:
  m_PrefabParentObject: {fileID: 400000, guid: 0f13f1206ab882c4fb862b46ed34273c, type: 3}
  m_PrefabInternal: {fileID: 1395362075}
--- !u!1001 &1554740410
Prefab:
  m_ObjectHideFlags: 0
  serializedVersion: 2
  m_Modification:
    m_TransformParent: {fileID: 1757204635}
    m_Modifications:
    - target: {fileID: 400000, guid: 0722c064ea5469841af08db6233d3005, type: 3}
      propertyPath: m_LocalPosition.x
      value: 15.207275
      objectReference: {fileID: 0}
    - target: {fileID: 400000, guid: 0722c064ea5469841af08db6233d3005, type: 3}
      propertyPath: m_LocalPosition.y
      value: 0.5156342
      objectReference: {fileID: 0}
    - target: {fileID: 400000, guid: 0722c064ea5469841af08db6233d3005, type: 3}
      propertyPath: m_LocalPosition.z
      value: 8.35842
      objectReference: {fileID: 0}
    - target: {fileID: 400000, guid: 0722c064ea5469841af08db6233d3005, type: 3}
      propertyPath: m_LocalRotation.x
      value: -0.7071068
      objectReference: {fileID: 0}
    - target: {fileID: 400000, guid: 0722c064ea5469841af08db6233d3005, type: 3}
      propertyPath: m_LocalRotation.y
      value: -0
      objectReference: {fileID: 0}
    - target: {fileID: 400000, guid: 0722c064ea5469841af08db6233d3005, type: 3}
      propertyPath: m_LocalRotation.z
      value: -0
      objectReference: {fileID: 0}
    - target: {fileID: 400000, guid: 0722c064ea5469841af08db6233d3005, type: 3}
      propertyPath: m_LocalRotation.w
      value: 0.7071068
      objectReference: {fileID: 0}
    - target: {fileID: 400000, guid: 0722c064ea5469841af08db6233d3005, type: 3}
      propertyPath: m_RootOrder
      value: 6
      objectReference: {fileID: 0}
    - target: {fileID: 400000, guid: 0722c064ea5469841af08db6233d3005, type: 3}
      propertyPath: m_LocalEulerAnglesHint.x
      value: -90
      objectReference: {fileID: 0}
    - target: {fileID: 100000, guid: 0722c064ea5469841af08db6233d3005, type: 3}
      propertyPath: m_Name
      value: trackparts_straight_long (2)
      objectReference: {fileID: 0}
    - target: {fileID: 400000, guid: 0722c064ea5469841af08db6233d3005, type: 3}
      propertyPath: m_LocalScale.y
      value: 1
      objectReference: {fileID: 0}
    - target: {fileID: 400000, guid: 0722c064ea5469841af08db6233d3005, type: 3}
      propertyPath: m_LocalScale.z
      value: 1
      objectReference: {fileID: 0}
    - target: {fileID: 2300000, guid: 0722c064ea5469841af08db6233d3005, type: 3}
      propertyPath: m_Materials.Array.data[0]
      value: 
      objectReference: {fileID: 2100000, guid: 0167ffafe655f2341b28eaa51bd19e6c, type: 2}
    - target: {fileID: 100000, guid: 0722c064ea5469841af08db6233d3005, type: 3}
      propertyPath: m_TagString
      value: Ground
      objectReference: {fileID: 0}
    m_RemovedComponents: []
  m_ParentPrefab: {fileID: 100100000, guid: 0722c064ea5469841af08db6233d3005, type: 3}
  m_IsPrefabParent: 0
--- !u!4 &1554740411 stripped
Transform:
  m_PrefabParentObject: {fileID: 400000, guid: 0722c064ea5469841af08db6233d3005, type: 3}
  m_PrefabInternal: {fileID: 1554740410}
--- !u!1001 &1574307268
Prefab:
  m_ObjectHideFlags: 0
  serializedVersion: 2
  m_Modification:
    m_TransformParent: {fileID: 1757204635}
    m_Modifications:
    - target: {fileID: 400000, guid: ccd0ff9ca138e1048a2d1ac8e4a1be40, type: 3}
      propertyPath: m_LocalPosition.x
      value: 5.207275
      objectReference: {fileID: 0}
    - target: {fileID: 400000, guid: ccd0ff9ca138e1048a2d1ac8e4a1be40, type: 3}
      propertyPath: m_LocalPosition.y
      value: 0.5156342
      objectReference: {fileID: 0}
    - target: {fileID: 400000, guid: ccd0ff9ca138e1048a2d1ac8e4a1be40, type: 3}
      propertyPath: m_LocalPosition.z
      value: 24.35842
      objectReference: {fileID: 0}
    - target: {fileID: 400000, guid: ccd0ff9ca138e1048a2d1ac8e4a1be40, type: 3}
      propertyPath: m_LocalRotation.x
      value: -0.4998298
      objectReference: {fileID: 0}
    - target: {fileID: 400000, guid: ccd0ff9ca138e1048a2d1ac8e4a1be40, type: 3}
      propertyPath: m_LocalRotation.y
      value: 0.4998298
      objectReference: {fileID: 0}
    - target: {fileID: 400000, guid: ccd0ff9ca138e1048a2d1ac8e4a1be40, type: 3}
      propertyPath: m_LocalRotation.z
      value: 0.5001702
      objectReference: {fileID: 0}
    - target: {fileID: 400000, guid: ccd0ff9ca138e1048a2d1ac8e4a1be40, type: 3}
      propertyPath: m_LocalRotation.w
      value: 0.5001702
      objectReference: {fileID: 0}
    - target: {fileID: 400000, guid: ccd0ff9ca138e1048a2d1ac8e4a1be40, type: 3}
      propertyPath: m_RootOrder
      value: 9
      objectReference: {fileID: 0}
    - target: {fileID: 100000, guid: ccd0ff9ca138e1048a2d1ac8e4a1be40, type: 3}
      propertyPath: m_Name
      value: trackparts_straight_short (2)
      objectReference: {fileID: 0}
    - target: {fileID: 400000, guid: ccd0ff9ca138e1048a2d1ac8e4a1be40, type: 3}
      propertyPath: m_LocalEulerAnglesHint.x
      value: -89.961006
      objectReference: {fileID: 0}
    - target: {fileID: 400000, guid: ccd0ff9ca138e1048a2d1ac8e4a1be40, type: 3}
      propertyPath: m_LocalEulerAnglesHint.z
      value: 90
      objectReference: {fileID: 0}
    - target: {fileID: 400000, guid: ccd0ff9ca138e1048a2d1ac8e4a1be40, type: 3}
      propertyPath: m_LocalScale.x
      value: 1
      objectReference: {fileID: 0}
    - target: {fileID: 400000, guid: ccd0ff9ca138e1048a2d1ac8e4a1be40, type: 3}
      propertyPath: m_LocalScale.z
      value: 1
      objectReference: {fileID: 0}
    - target: {fileID: 2300000, guid: ccd0ff9ca138e1048a2d1ac8e4a1be40, type: 3}
      propertyPath: m_Materials.Array.data[0]
      value: 
      objectReference: {fileID: 2100000, guid: 0167ffafe655f2341b28eaa51bd19e6c, type: 2}
    - target: {fileID: 100000, guid: ccd0ff9ca138e1048a2d1ac8e4a1be40, type: 3}
      propertyPath: m_TagString
      value: Ground
      objectReference: {fileID: 0}
    m_RemovedComponents: []
  m_ParentPrefab: {fileID: 100100000, guid: ccd0ff9ca138e1048a2d1ac8e4a1be40, type: 3}
  m_IsPrefabParent: 0
--- !u!4 &1574307269 stripped
Transform:
  m_PrefabParentObject: {fileID: 400000, guid: ccd0ff9ca138e1048a2d1ac8e4a1be40, type: 3}
  m_PrefabInternal: {fileID: 1574307268}
--- !u!1 &1632632168 stripped
GameObject:
  m_PrefabParentObject: {fileID: 100000, guid: 0722c064ea5469841af08db6233d3005, type: 3}
  m_PrefabInternal: {fileID: 474304331}
--- !u!64 &1632632171
MeshCollider:
  m_ObjectHideFlags: 0
  m_PrefabParentObject: {fileID: 0}
  m_PrefabInternal: {fileID: 0}
  m_GameObject: {fileID: 1632632168}
  m_Material: {fileID: 0}
  m_IsTrigger: 0
  m_Enabled: 1
  serializedVersion: 2
  m_Convex: 0
  m_Mesh: {fileID: 4300000, guid: 0722c064ea5469841af08db6233d3005, type: 3}
--- !u!1 &1671171149
GameObject:
  m_ObjectHideFlags: 0
  m_PrefabParentObject: {fileID: 0}
  m_PrefabInternal: {fileID: 0}
  serializedVersion: 4
  m_Component:
  - 4: {fileID: 1671171150}
  m_Layer: 0
  m_Name: CenterOfMass
  m_TagString: Untagged
  m_Icon: {fileID: 0}
  m_NavMeshLayer: 0
  m_StaticEditorFlags: 0
  m_IsActive: 1
--- !u!4 &1671171150
Transform:
  m_ObjectHideFlags: 0
  m_PrefabParentObject: {fileID: 0}
  m_PrefabInternal: {fileID: 0}
  m_GameObject: {fileID: 1671171149}
  m_LocalRotation: {x: 0, y: 0, z: 0, w: 1}
  m_LocalPosition: {x: 0, y: 0.361, z: 0.139}
  m_LocalScale: {x: 1, y: 1, z: 1}
  m_LocalEulerAnglesHint: {x: 0, y: 0, z: 0}
  m_Children: []
  m_Father: {fileID: 419573994}
  m_RootOrder: 3
--- !u!1 &1757204634
GameObject:
  m_ObjectHideFlags: 0
  m_PrefabParentObject: {fileID: 0}
  m_PrefabInternal: {fileID: 0}
  serializedVersion: 4
  m_Component:
  - 4: {fileID: 1757204635}
  m_Layer: 0
  m_Name: Track
  m_TagString: Untagged
  m_Icon: {fileID: 0}
  m_NavMeshLayer: 0
  m_StaticEditorFlags: 0
  m_IsActive: 1
--- !u!4 &1757204635
Transform:
  m_ObjectHideFlags: 0
  m_PrefabParentObject: {fileID: 0}
  m_PrefabInternal: {fileID: 0}
  m_GameObject: {fileID: 1757204634}
  m_LocalRotation: {x: 0, y: 0, z: 0, w: 1}
  m_LocalPosition: {x: -1.207275, y: -0.5156342, z: 5.64}
  m_LocalScale: {x: 1, y: 1, z: 1}
  m_LocalEulerAnglesHint: {x: 0, y: 0, z: 0}
  m_Children:
  - {fileID: 1395362076}
  - {fileID: 2037737321}
  - {fileID: 1033476808}
  - {fileID: 982529932}
  - {fileID: 2019182041}
  - {fileID: 826188495}
  - {fileID: 1554740411}
  - {fileID: 1315015998}
  - {fileID: 1015981182}
  - {fileID: 1574307269}
  - {fileID: 1801396468}
  - {fileID: 1124479859}
  - {fileID: 1294304129}
  - {fileID: 474304332}
  m_Father: {fileID: 0}
  m_RootOrder: 4
--- !u!1001 &1801396467
Prefab:
  m_ObjectHideFlags: 0
  serializedVersion: 2
  m_Modification:
    m_TransformParent: {fileID: 1757204635}
    m_Modifications:
    - target: {fileID: 400000, guid: ccd0ff9ca138e1048a2d1ac8e4a1be40, type: 3}
      propertyPath: m_LocalPosition.x
      value: 7.207275
      objectReference: {fileID: 0}
    - target: {fileID: 400000, guid: ccd0ff9ca138e1048a2d1ac8e4a1be40, type: 3}
      propertyPath: m_LocalPosition.y
      value: 0.5156342
      objectReference: {fileID: 0}
    - target: {fileID: 400000, guid: ccd0ff9ca138e1048a2d1ac8e4a1be40, type: 3}
      propertyPath: m_LocalPosition.z
      value: 24.35842
      objectReference: {fileID: 0}
    - target: {fileID: 400000, guid: ccd0ff9ca138e1048a2d1ac8e4a1be40, type: 3}
      propertyPath: m_LocalRotation.x
      value: -0.4998298
      objectReference: {fileID: 0}
    - target: {fileID: 400000, guid: ccd0ff9ca138e1048a2d1ac8e4a1be40, type: 3}
      propertyPath: m_LocalRotation.y
      value: 0.4998298
      objectReference: {fileID: 0}
    - target: {fileID: 400000, guid: ccd0ff9ca138e1048a2d1ac8e4a1be40, type: 3}
      propertyPath: m_LocalRotation.z
      value: 0.5001702
      objectReference: {fileID: 0}
    - target: {fileID: 400000, guid: ccd0ff9ca138e1048a2d1ac8e4a1be40, type: 3}
      propertyPath: m_LocalRotation.w
      value: 0.5001702
      objectReference: {fileID: 0}
    - target: {fileID: 400000, guid: ccd0ff9ca138e1048a2d1ac8e4a1be40, type: 3}
      propertyPath: m_RootOrder
      value: 10
      objectReference: {fileID: 0}
    - target: {fileID: 100000, guid: ccd0ff9ca138e1048a2d1ac8e4a1be40, type: 3}
      propertyPath: m_Name
      value: trackparts_straight_short (3)
      objectReference: {fileID: 0}
    - target: {fileID: 400000, guid: ccd0ff9ca138e1048a2d1ac8e4a1be40, type: 3}
      propertyPath: m_LocalEulerAnglesHint.x
      value: -89.961006
      objectReference: {fileID: 0}
    - target: {fileID: 400000, guid: ccd0ff9ca138e1048a2d1ac8e4a1be40, type: 3}
      propertyPath: m_LocalEulerAnglesHint.z
      value: 90
      objectReference: {fileID: 0}
    - target: {fileID: 400000, guid: ccd0ff9ca138e1048a2d1ac8e4a1be40, type: 3}
      propertyPath: m_LocalScale.x
      value: 1
      objectReference: {fileID: 0}
    - target: {fileID: 400000, guid: ccd0ff9ca138e1048a2d1ac8e4a1be40, type: 3}
      propertyPath: m_LocalScale.z
      value: 1
      objectReference: {fileID: 0}
    - target: {fileID: 2300000, guid: ccd0ff9ca138e1048a2d1ac8e4a1be40, type: 3}
      propertyPath: m_Materials.Array.data[0]
      value: 
      objectReference: {fileID: 2100000, guid: 0167ffafe655f2341b28eaa51bd19e6c, type: 2}
    - target: {fileID: 100000, guid: ccd0ff9ca138e1048a2d1ac8e4a1be40, type: 3}
      propertyPath: m_TagString
      value: Ground
      objectReference: {fileID: 0}
    m_RemovedComponents: []
  m_ParentPrefab: {fileID: 100100000, guid: ccd0ff9ca138e1048a2d1ac8e4a1be40, type: 3}
  m_IsPrefabParent: 0
--- !u!4 &1801396468 stripped
Transform:
  m_PrefabParentObject: {fileID: 400000, guid: ccd0ff9ca138e1048a2d1ac8e4a1be40, type: 3}
  m_PrefabInternal: {fileID: 1801396467}
--- !u!1 &1843777094 stripped
GameObject:
  m_PrefabParentObject: {fileID: 100000, guid: 0b42430eee7bcfe4aa93cc2408549911, type: 3}
  m_PrefabInternal: {fileID: 706101835}
--- !u!64 &1843777101
MeshCollider:
  m_ObjectHideFlags: 0
  m_PrefabParentObject: {fileID: 0}
  m_PrefabInternal: {fileID: 0}
  m_GameObject: {fileID: 1843777094}
  m_Material: {fileID: 13400000, guid: d334ec6404d359249acfc01b517b3109, type: 2}
  m_IsTrigger: 0
  m_Enabled: 1
  serializedVersion: 2
  m_Convex: 1
  m_Mesh: {fileID: 4300000, guid: 0b42430eee7bcfe4aa93cc2408549911, type: 3}
--- !u!1001 &2019182040
Prefab:
  m_ObjectHideFlags: 0
  serializedVersion: 2
  m_Modification:
    m_TransformParent: {fileID: 1757204635}
    m_Modifications:
    - target: {fileID: 400000, guid: 0f13f1206ab882c4fb862b46ed34273c, type: 3}
      propertyPath: m_LocalPosition.x
      value: -5.792725
      objectReference: {fileID: 0}
    - target: {fileID: 400000, guid: 0f13f1206ab882c4fb862b46ed34273c, type: 3}
      propertyPath: m_LocalPosition.y
      value: 0.5156342
      objectReference: {fileID: 0}
    - target: {fileID: 400000, guid: 0f13f1206ab882c4fb862b46ed34273c, type: 3}
      propertyPath: m_LocalPosition.z
      value: 24.35842
      objectReference: {fileID: 0}
    - target: {fileID: 400000, guid: 0f13f1206ab882c4fb862b46ed34273c, type: 3}
      propertyPath: m_LocalRotation.x
      value: -0.5000008
      objectReference: {fileID: 0}
    - target: {fileID: 400000, guid: 0f13f1206ab882c4fb862b46ed34273c, type: 3}
      propertyPath: m_LocalRotation.y
      value: 0.49999925
      objectReference: {fileID: 0}
    - target: {fileID: 400000, guid: 0f13f1206ab882c4fb862b46ed34273c, type: 3}
      propertyPath: m_LocalRotation.z
      value: 0.49999928
      objectReference: {fileID: 0}
    - target: {fileID: 400000, guid: 0f13f1206ab882c4fb862b46ed34273c, type: 3}
      propertyPath: m_LocalRotation.w
      value: 0.5000007
      objectReference: {fileID: 0}
    - target: {fileID: 400000, guid: 0f13f1206ab882c4fb862b46ed34273c, type: 3}
      propertyPath: m_RootOrder
      value: 4
      objectReference: {fileID: 0}
    - target: {fileID: 100000, guid: 0f13f1206ab882c4fb862b46ed34273c, type: 3}
      propertyPath: m_Name
      value: trackparts_corner_full_long (4)
      objectReference: {fileID: 0}
    - target: {fileID: 400000, guid: 0f13f1206ab882c4fb862b46ed34273c, type: 3}
      propertyPath: m_LocalEulerAnglesHint.x
      value: -89.981
      objectReference: {fileID: 0}
    - target: {fileID: 400000, guid: 0f13f1206ab882c4fb862b46ed34273c, type: 3}
      propertyPath: m_LocalEulerAnglesHint.z
      value: 90.00001
      objectReference: {fileID: 0}
    - target: {fileID: 2300000, guid: 0f13f1206ab882c4fb862b46ed34273c, type: 3}
      propertyPath: m_Materials.Array.data[0]
      value: 
      objectReference: {fileID: 2100000, guid: 0167ffafe655f2341b28eaa51bd19e6c, type: 2}
    - target: {fileID: 100000, guid: 0f13f1206ab882c4fb862b46ed34273c, type: 3}
      propertyPath: m_TagString
      value: Ground
      objectReference: {fileID: 0}
    m_RemovedComponents: []
  m_ParentPrefab: {fileID: 100100000, guid: 0f13f1206ab882c4fb862b46ed34273c, type: 3}
  m_IsPrefabParent: 0
--- !u!4 &2019182041 stripped
Transform:
  m_PrefabParentObject: {fileID: 400000, guid: 0f13f1206ab882c4fb862b46ed34273c, type: 3}
  m_PrefabInternal: {fileID: 2019182040}
--- !u!1001 &2037737320
Prefab:
  m_ObjectHideFlags: 0
  serializedVersion: 2
  m_Modification:
    m_TransformParent: {fileID: 1757204635}
    m_Modifications:
    - target: {fileID: 400000, guid: 0f13f1206ab882c4fb862b46ed34273c, type: 3}
      propertyPath: m_LocalPosition.x
      value: 8.207275
      objectReference: {fileID: 0}
    - target: {fileID: 400000, guid: 0f13f1206ab882c4fb862b46ed34273c, type: 3}
      propertyPath: m_LocalPosition.y
      value: 0.5156342
      objectReference: {fileID: 0}
    - target: {fileID: 400000, guid: 0f13f1206ab882c4fb862b46ed34273c, type: 3}
      propertyPath: m_LocalPosition.z
      value: -13.64158
      objectReference: {fileID: 0}
    - target: {fileID: 400000, guid: 0f13f1206ab882c4fb862b46ed34273c, type: 3}
      propertyPath: m_LocalRotation.x
      value: -0.500081
      objectReference: {fileID: 0}
    - target: {fileID: 400000, guid: 0f13f1206ab882c4fb862b46ed34273c, type: 3}
      propertyPath: m_LocalRotation.y
      value: -0.499919
      objectReference: {fileID: 0}
    - target: {fileID: 400000, guid: 0f13f1206ab882c4fb862b46ed34273c, type: 3}
      propertyPath: m_LocalRotation.z
      value: -0.499919
      objectReference: {fileID: 0}
    - target: {fileID: 400000, guid: 0f13f1206ab882c4fb862b46ed34273c, type: 3}
      propertyPath: m_LocalRotation.w
      value: 0.500081
      objectReference: {fileID: 0}
    - target: {fileID: 400000, guid: 0f13f1206ab882c4fb862b46ed34273c, type: 3}
      propertyPath: m_RootOrder
      value: 1
      objectReference: {fileID: 0}
    - target: {fileID: 100000, guid: 0f13f1206ab882c4fb862b46ed34273c, type: 3}
      propertyPath: m_Name
      value: trackparts_corner_full_long (2)
      objectReference: {fileID: 0}
    - target: {fileID: 400000, guid: 0f13f1206ab882c4fb862b46ed34273c, type: 3}
      propertyPath: m_LocalEulerAnglesHint.x
      value: -89.981
      objectReference: {fileID: 0}
    - target: {fileID: 400000, guid: 0f13f1206ab882c4fb862b46ed34273c, type: 3}
      propertyPath: m_LocalEulerAnglesHint.z
      value: -89.982
      objectReference: {fileID: 0}
    - target: {fileID: 400000, guid: 0f13f1206ab882c4fb862b46ed34273c, type: 3}
      propertyPath: m_LocalScale.x
      value: 1
      objectReference: {fileID: 0}
    - target: {fileID: 400000, guid: 0f13f1206ab882c4fb862b46ed34273c, type: 3}
      propertyPath: m_LocalScale.y
      value: 1
      objectReference: {fileID: 0}
    - target: {fileID: 2300000, guid: 0f13f1206ab882c4fb862b46ed34273c, type: 3}
      propertyPath: m_Materials.Array.data[0]
      value: 
      objectReference: {fileID: 2100000, guid: 0167ffafe655f2341b28eaa51bd19e6c, type: 2}
    - target: {fileID: 100000, guid: 0f13f1206ab882c4fb862b46ed34273c, type: 3}
      propertyPath: m_TagString
      value: Ground
      objectReference: {fileID: 0}
    m_RemovedComponents: []
  m_ParentPrefab: {fileID: 100100000, guid: 0f13f1206ab882c4fb862b46ed34273c, type: 3}
  m_IsPrefabParent: 0
--- !u!4 &2037737321 stripped
Transform:
  m_PrefabParentObject: {fileID: 400000, guid: 0f13f1206ab882c4fb862b46ed34273c, type: 3}
  m_PrefabInternal: {fileID: 2037737320}
--- !u!1 &2101272711
GameObject:
  m_ObjectHideFlags: 0
  m_PrefabParentObject: {fileID: 0}
  m_PrefabInternal: {fileID: 0}
  serializedVersion: 4
  m_Component:
  - 4: {fileID: 2101272714}
  - 114: {fileID: 2101272713}
  - 114: {fileID: 2101272712}
  m_Layer: 0
  m_Name: GameManager
  m_TagString: Untagged
  m_Icon: {fileID: 0}
  m_NavMeshLayer: 0
  m_StaticEditorFlags: 0
  m_IsActive: 1
--- !u!114 &2101272712
MonoBehaviour:
  m_ObjectHideFlags: 0
  m_PrefabParentObject: {fileID: 0}
  m_PrefabInternal: {fileID: 0}
  m_GameObject: {fileID: 2101272711}
  m_Enabled: 1
  m_EditorHideFlags: 0
  m_Script: {fileID: 11500000, guid: 25b1317b0f4f92749860961b33995ae4, type: 3}
  m_Name: 
  m_EditorClassIdentifier: 
--- !u!114 &2101272713
MonoBehaviour:
  m_ObjectHideFlags: 0
  m_PrefabParentObject: {fileID: 0}
  m_PrefabInternal: {fileID: 0}
  m_GameObject: {fileID: 2101272711}
  m_Enabled: 1
  m_EditorHideFlags: 0
  m_Script: {fileID: 11500000, guid: 3c783dde5d179a94a8146fd72ba9796c, type: 3}
  m_Name: 
  m_EditorClassIdentifier: 
--- !u!4 &2101272714
Transform:
  m_ObjectHideFlags: 0
  m_PrefabParentObject: {fileID: 0}
  m_PrefabInternal: {fileID: 0}
  m_GameObject: {fileID: 2101272711}
  m_LocalRotation: {x: 0, y: 0, z: 0, w: 1}
  m_LocalPosition: {x: 0.24267578, y: 0.19940186, z: 0.22924805}
  m_LocalScale: {x: 1, y: 1, z: 1}
  m_LocalEulerAnglesHint: {x: 0, y: 0, z: 0}
  m_Children: []
  m_Father: {fileID: 0}
  m_RootOrder: 5
--- !u!1 &2115846070 stripped
GameObject:
  m_PrefabParentObject: {fileID: 100000, guid: 0f13f1206ab882c4fb862b46ed34273c, type: 3}
  m_PrefabInternal: {fileID: 2037737320}
--- !u!64 &2115846073
MeshCollider:
  m_ObjectHideFlags: 0
  m_PrefabParentObject: {fileID: 0}
  m_PrefabInternal: {fileID: 0}
  m_GameObject: {fileID: 2115846070}
  m_Material: {fileID: 0}
  m_IsTrigger: 0
  m_Enabled: 1
  serializedVersion: 2
  m_Convex: 0
  m_Mesh: {fileID: 4300000, guid: 0f13f1206ab882c4fb862b46ed34273c, type: 3}
